1560 2548
583 41 586 44 ’
620 49 897 87 PRAEFATIO
1384 28 1442 89 ’ν

24 178 31 188 ,
75 147 220 206 posita
249 148 447 204 quamvis
476 148 669 191 modeste
700 163 869 205 semper
896 149 1154 192 senserimus
1185 149 1440 193 sentiamus-

4 202 27 253 ’ἶ
74 221 174 265 que,
197 207 329 251 talem
353 207 503 250 iudicii
533 208 808 251 insolentiam
834 209 1160 266 contemnimus,
1185 210 1440 265 praesertim

77 267 170 313 eius
207 267 283 324 qui
312 282 402 310 non
437 268 566 311 modo
597 268 710 311 nihil
739 284 946 325 umquam
971 269 1017 311 in
1047 268 1130 312 hoc
1160 284 1315 326 genere
1347 270 1440 325 ipse

105 327 307 384 raestitit‚
337 326 413 370 sed
442 342 496 370 ne
527 328 690 383 paratis
722 328 896 384 quidem
927 328 981 371 ab
1014 329 1110 371 aliis
1140 331 1255 371 recte
1286 329 1438 371 utitur.

121 402 192 431 am
208 389 260 430 ut
278 386 384 430 olim
402 386 631 430 Loewiana
650 388 1027 456 neglegentissime
1051 388 1295 431 exscribens
1319 389 1440 431 varia

77 446 249 505 legendi
274 447 514 490 tentamina
537 463 616 504 pro
643 448 774 490 variis
799 448 935 504 ipsius
959 448 1062 490 libri
1088 449 1314 504 scripturis
1338 463 1439 491 ven-

76 507 307 564 ditaverat,
342 507 403 549 sic
441 507 528 549 iam
573 507 842 564 diligentiam
874 507 1159 551 Studemundi
1196 509 1258 551 ita
1302 508 1436 564 effert,

75 569 128 610 ut
157 581 267 623 quae
293 541 371 609 'ille
402 569 549 623 aperte
579 570 802 623 tamquam
832 568 924 610 veri
962 568 1188 610 dissimilia
1225 568 1439 625 significa-

76 626 206 683 verit,
237 626 362 669 unice
402 629 517 669 recte
554 627 665 669 lecta
703 642 793 669 esse
832 627 1036 684 affirmet,
1067 643 1340 684 nequaquam
1371 643 1440 670 ur-

74 688 206 744 gente
237 688 313 729 aut
336 686 520 729 lectione
546 689 621 729 aut
646 687 824 743 ratione,
850 687 924 730 sed
949 688 1051 744 quia
1076 688 1242 744 aliquid
1267 688 1456 744 ‘placet'-

76 746 147 789 vel
176 746 223 788 in
252 748 442 789 mentem
472 747 602 789 venit.

134 827 136 829 >
166 804 260 848 Iam
289 806 542 862 priusquam
574 807 702 849 solito
735 821 854 849 more
887 807 937 849 de
966 807 1149 864 singulis
1181 807 1439 863 quibusdam

75 865 272 909 versibus
313 865 468 908 harum
508 866 753 908 fabularum
796 881 932 922 pauca
972 867 1194 923 addamus,
1231 867 1441 910 nonnulla

75 925 131 968 de
148 925 265 968 notis
284 927 328 968 et
349 926 615 982 compendiis
635 926 793 982 quibus
806 927 874 968 usi
887 941 1034 969 sumus
1054 927 1284 982 repetenda
1303 930 1442 969 erunt.

168 985 212 1028 A
243 985 402 1028 codicis
439 986 637 1041 rescripti
668 985 947 1028 Ambrosiani
984 987 1244 1042 scripturam
1281 987 1440 1029 litteris

77 1044 336 1113 capitalibus
373 1045 649 1088 exhibuimus
681 1044 927 1103 (adpunctis
958 1047 1027 1088 vel
1064 1047 1269 1089 seiunctis
1305 1047 1441 1089 incer-

76 1102 295 1162 1101111118).
335 1104 614 1148 Recensionis
639 1105 860 1148 Palatinae
881 1104 963 1163 (P)
989 1106 1223 1162 scripturas
1249 1121 1302 1148 ex
1327 1106 1441 1149 codi-

74 1163 201 1207 cibus
224 1163 424 1207 Palatino
432 1164 659 1207 -Vaticano
686 1165 731 1207 B
754 1180 860 1208 saec.
886 1165 943 1221 X,
969 1165 1180 1208 Vaticano
1206 1165 1439 1209 Vrsiniano

76 1223 125 1268 D
154 1238 262 1267 saec.
292 1223 373 1280 XI,
409 1224 622 1267 Vossiano
654 1224 696 1267 V
731 1224 1020 1267 Ambrosiano
1046 1226 1092 1268 E
1132 1225 1383 1268 Britannico
1409 1225 1450 1270 J

78 1298 186 1327 saec.
204 1282 290 1326 XII
320 1284 382 1327 ita
407 1285 818 1340 reconcinnavimus,
843 1287 893 1327 ut
917 1285 1342 1341 plerumqueneque
1374 1300 1442 1328 οο-

76 1343 193 1386 dices
229 1344 424 1401 singulos
465 1344 803 1386 adscriberemus
833 1359 972 1400 neque
1004 1345 1219 1387 solitarias
1251 1346 1443 1403 singulo-

76 1417 176 1446 rum
213 1403 420 1446 lectiones
451 1404 776 1460 respiceremus:
817 1404 901 1446 nisi
934 1405 1050 1460 quod
1080 1405 1239 1447 codicis
1270 1404 1442 1448 Veteris

75 1463 214 1506 altera
238 1478 391 1506 manus
410 1462 481 1519 B2,
509 1479 617 1519 quae
643 1464 689 1506 in
715 1466 811 1506 octo
838 1464 1055 1519 prioribus
1081 1465 1240 1507 fabulis
1265 1465 1444 1510 alterius

78 1522 182 1565 libri
213 1523 350 1565 instar
378 1525 454 1579 est,
480 1524 649 1579 saepius
675 1524 1047 1567 commemoranda
1072 1525 1156 1567 fuit
1182 1525 1372 1580 itemque
1397 1525 1442 1581 J,

76 1582 127 1625 in
157 1597 243 1638 quo
276 1583 518 1625 emendatio
551 1583 604 1625 ab
637 1582 758 1625 Italis
790 1586 992 1639 provecta
1023 1584 1198 1626 initium
1230 1585 1358 1640 capit.

168 1640 398 1684 Praeterea
428 1643 496 1684 usi
529 1657 676 1684 sumus
707 1643 776 1685 his
807 1643 939 1686 notis:

71 1736 170 1772 ,adeo
200 1747 235 1771 v.
256 1736 332 1781 26):
366 1746 481 1780 quare
512 1747 588 1770 non
620 1738 677 1771 est
709 1737 810 1780 quod
846 1738 995 1782 praeter
1028 1738 1166 1774 residia
1197 1739 1326 1783 aperte
1363 1749 1443 1772 cor-

76 1784 231 1829 ruptum
275 1782 483 1828 quidquam
528 1783 778 1829 corrigamus:
827 1796 895 1830 pro
944 1796 1019 1830 quo
1068 1785 1295 1820 vocabulum
1338 1785 1443 1821 velut

77 1831 190 1868 rabia
215 1829 274 1876 (cf
297 1830 448 1866 Servius
467 1831 561 1866 Dan
590 1831 638 1866 ad
658 1832 748 1867 Αο11
770 1832 889 1878 1200)
921 1832 1196 1878 anquirendum
1222 1833 1303 1869 erit.
1343 1833 1443 1868 Nam

79 1879 224 1916 desidia
247 1877 348 1913 inter
373 1879 539 1915 auiditas
565 1881 603 1914 et
629 1880 773 1916 iniuria
797 1891 844 1915 110
871 1882 1001 1926 aptum
1033 1880 1187 1925 quidem
1218 1883 1286 1917 est.
1337 1880 1442 1915 Ridi-

79 1925 186 1980 culus
210 1937 299 1961 vero
326 1928 384 1962 est
418 1925 483 1971 qui
514 1928 649 1972 urgeat
673 1928 810 1971 Ineret,
842 1939 918 1963 11011
952 1929 1139 1973 Inhaeret,
1172 1939 1253 1964 esse
1285 1927 1325 1963 in
1350 1928 1441 1964 BC'.

74 1973 189 2019 quasi
213 1973 254 2009 in
279 1986 297 2009 0
327 1976 365 2009 et
396 1986 413 2010 0
446 1973 722 2019 distinguendis
761 1956 810 2011 et,
835 1975 875 2011 in
913 1975 1143 2021 aspiratione
1170 1998 1214 2002 —-
1241 1975 1371 2021 qualia
1402 1975 1442 2011 in

78 2021 152 2057 hac
171 2010 338 2057 editione
364 2023 492 2057 nostro
519 2021 599 2057 iure
624 2021 842 2068 plerumque
867 2035 914 2059 ne
934 2035 1267 2060 commemoramus
1287 2023 1442 2068 quidem

80 2090 126 2095 —
146 2068 207 2105 vel
231 2069 386 2104 tantilla
412 2069 461 2104 sit
487 2069 620 2104 horum
639 2069 811 2106 codicum
835 2071 1054 2108 auctoritas
1093 2073 1295 2107 Possumus
1321 2070 1443 2107 multa

80 2116 269 2171 eiusmodi
292 2116 459 2163 proferre
486 2119 617 2153 contra
641 2117 813 2164 Leonem,
836 2119 900 2154 sed
922 2119 1033 2155 certis
1055 2120 1100 2155 de
1121 2119 1243 2154 causis
1270 2130 1354 2154 cum
1373 2118 1442 2154 illo

80 2163 241 2200 maxime
284 2176 454 2218 pugnare
492 2165 682 2202 nolumus:
721 2177 841 2212 neque
886 2167 978 2202 haec
1021 2167 1325 2220 protulissemus,
1366 2165 1442 2202 nisi

76 2213 230 2266 praeter
255 2211 489 2248 coniecturas
517 2234 560 2238 —
588 2213 634 2248 de
660 2213 796 2258 quibus
823 2213 903 2250 sive
934 2217 1086 2250 nostrae
1119 2214 1197 2250 sive
1224 2213 1327 2249 illius
1354 2216 1444 2250 sunt

77 2258 299 2305 saepissime
337 2259 410 2305 ipsi
449 2260 665 2296 dubitamus
699 2283 746 2288 —
777 2262 889 2298 fidem
926 2265 1095 2298 nostram
1133 2261 1290 2308 aggredi
1327 2273 1444 2298 ausus

13 2342 15 2345 ,
78 2309 181 2343 esset
204 2307 449 2353 petulantius.
