1560 2548
186 103 243 144 80
767 102 942 139 PLAVTI
1257 79 1346 148 ΠΕ
1367 86 1546 142 aba&

184 208 250 251 LI.
304 208 448 252 Mstto:
478 209 611 252 †istuc
643 210 756 265 quod
786 210 923 252 adfers
953 213 1075 252 aures
1104 210 1353 264 exspectant
1381 223 1510 252 meae.
1554 218 1560 234 ¹

184 267 267 310 LE.
321 257 525 316 Animum
561 269 754 323 aduorte,
794 271 841 310 ut
877 270 1009 323 aeque
1048 282 1213 310 mecum
1250 267 1356 310 haec
1394 267 1510 310 scias.
1534 266 1560 307 4Ϊῖ

882 326 948 368 LI.
996 326 1143 368 Taceo.
1196 325 1279 368 LE.
1326 325 1446 368 Beas.
1552 326 1560 329 “

186 384 449 427 Meministin
480 385 621 428 asinos
651 385 876 428 Arcadicos
906 384 1129 427 mercatori
1158 384 1327 427 Pellaeo
1514 382 1520 389 “

185 442 392 486 Nostrum
422 444 603 486 uendere
635 444 889 486 atriensem?
937 442 1003 485 LI.
1049 442 1241 485 Memini:
1283 442 1385 498 quid
1418 444 1508 484 tum

916 501 1064 544 ostea‘?

186 559 269 602 LE.
323 548 417 616 Em,
448 575 549 617 ergo
573 561 611 602 is
636 563 858 617 argentum
885 517 971 602 lPilic
1000 559 1175 615 remisit,
1205 558 1320 614 qu6d
1343 558 1512 601 daretur

886 618 1064 661 Saureae
1339 628 1420 660 385.
1445 629 1511 660 336
1537 619 1560 632 ”

187 676 270 719 Pr6
303 677 447 719 asinis:
487 677 730 719 adulescens
766 677 883 719 uenit
918 677 1062 732 mode,
1102 676 1174 731 qui
1210 675 1255 718 id
1290 677 1513 732 argentum

886 735 1041 776 attulit.

188 793 253 835 LI.
309 784 396 835 Vbi
426 793 463 835 is
494 794 691 837 homost?
729 794 812 836 LE.
848 793 937 836 Iam
968 793 1255 835 deuorandum
1285 794 1447 848 censes,
1477 793 1514 835 si

887 851 1156 906 conspexeris
1166 851 1187 893 i>

189 909 254 951 LI.
310 910 376 951 Ita
413 911 526 952 enim
555 925 674 952 uero:
716 911 788 952 sed
824 913 966 952 tamen
995 913 1043 951 tu
1080 911 1234 964 nempe
1266 925 1337 952 eos
1375 909 1514 952 asinos

615 1005 627 1021 ‚
887 968 1104 1023 praedicas

190 1027 380 1082 V6tulos,
411 1027 591 1083 claudos,
623 1027 779 1082 qui'bus
809 1026 1016 1068 subtritae
1042 1026 1094 1068 ad
1117 1027 1274 1068 femina
1291 1027 1377 1069 iam
1395 1028 1516 1068 erant

341 1135 350 1143 .
887 1085 1100 1141 ungulae?
1375 1107 1378 1110 ·
1447 1096 1516 1127 340

191 1144 274 1186 LE.
330 1145 468 1200 Ipsos,
518 1144 590 1199 qui
637 1144 719 1186 tibi
762 1143 1072 1185 subuectabant
1110 1145 1206 1185 nire
1248 1143 1332 1185 huc
1372 1142 1515 1200 uirgas

243 1225 246 1228 ⁴
890 1202 1060 1243 ulmeas.

191 1260 257 1303 LI.
311 1261 467 1303 Teneo:
498 1264 625 1315 atque
655 1261 766 1302 idem
796 1263 839 1301 te
864 1259 964 1301 lu'nc
987 1262 1194 1301 uexerunt
1218 1259 1409 1301 uinctum
1433 1274 1516 1302 rus.

890 1318 973 1359 LE.
1021 1318 1184 1360 Memor
1213 1319 1258 1359 es
1287 1317 1434 1372 probe.

194 1379 353 1420 Verum
389 1378 433 1419 in
469 1378 678 1419 tonstrina
715 1380 763 1417 ut
803 1376 1017 1431 sedebam,
1058 1376 1160 1431 [me]
1192 1390 1258 1417 me
1294 1375 1389 1417 infit
1425 1390 1517 1430 per-

211 1482 222 1493 „
890 1434 1115 1489 contarier,

193 1495 382 1549 Ecquem
411 1494 547 1535 filium
578 1493 787 1535 Stratonis
816 1493 1007 1534 n6uerim
1038 1492 1353 1534 Demaenetum.

193 1553 300 1595 Dico
331 1567 397 1594 me
434 1552 601 1593 nouisse
639 1551 851 1605 extemplo
892 1553 934 1592 et
971 1565 1037 1591 me
1077 1550 1167 1592 eius
1203 1564 1370 1592 seruom
1399 1551 1516 1605 prae-

211 1657 222 1667 Ι
890 1609 982 1650 dico
1449 1618 1516 1650 345

193 1670 299 1712 Esse
348 1671 390 1711 et
438 1668 551 1710 aedis
595 1668 878 1710 demonstraui
924 1669 1101 1709 nostras.
1161 1666 1226 1708 LI.
1276 1666 1384 1716 Quid
1425 1669 1517 1708 tum

891 1725 1069 1780 postea?

194 1786 276 1828 LE.
330 1785 406 1828 Ast
437 1800 481 1826 se
507 1786 562 1827 ob
588 1786 729 1827 asinos
753 1785 862 1826 ferre
881 1786 1104 1840 argentum
1132 1782 1305 1824 atriensi
1326 1781 1518 1836 Saureae,

194 1844 361 1900 Viginti
392 1843 544 1885 minas:
582 1844 655 1885 sed
685 1858 780 1884 eum
817 1857 906 1884 sese
942 1844 1030 1884 non
1064 1842 1272 1896 no[ui]sse
1302 1841 1518 1882 hominem

891 1900 967 1954 qm'
995 1900 1091 1941 siet:

196 1952 342 2016 ipsum
372 1974 471 2002 uero
503 1961 545 2001 se
576 1959 743 2001 nouisse
776 1958 923 2000 cadee
953 1958 1268 2000 Demaenetum.

196 2019 403 2070 Quoniam
433 2018 504 2060 ille
536 2018 725 2059 elocutus
749 2017 851 2058 haec
877 2017 936 2058 sic
962 2041 1016 2046 -
1055 2015 1119 2057 LI.
1152 2015 1259 2065 Quid
1283 2015 1403 2056 tum?
1433 2015 1517 2057 LE.

890 2074 1094 2116 Ausculta
1124 2075 1242 2129 ergo:
1274 2073 1389 2115 scies.
1450 2085 1518 2115 350

290 2231 369 2263 334.
396 2226 593 2262 atriensem
615 2226 670 2262 vel
694 2224 906 2259 attriensem
931 2227 944 2270 ΙΙ
968 2228 1035 2259 335
1050 2235 1100 2268 sq.
1126 2222 1195 2257 Em
1218 2223 1272 2258 vel
1297 2223 1389 2257 Hem
1407 2224 1420 2267 ΙΙ
1438 2226 1516 2257 337.

197 2274 287 2318 quid
298 2275 353 2310 vel
366 2273 444 2318 qui:
459 2285 539 2309 corr
551 2272 604 2307 B²
620 2272 624 2318 Ι
641 2275 718 2308 343.
733 2273 789 2307 del
802 2272 859 2318 Py
876 2272 878 2317 Ῑ
895 2269 1143 2316 percontarier
1160 2270 1213 2305 vel
1226 2268 1494 2313 percontrarior
1505 2269 1517 2315 Η

197 2324 282 2361 348.
302 2321 359 2356 del
384 2321 468 2367 Guy
486 2323 497 2366 ss
516 2323 592 2354 349.
615 2323 699 2364 post
722 2322 789 2353 350
815 2319 960 2364 legitur:
985 2319 1060 2353 trae·
1083 2317 1139 2352 Ac
1157 2317 1168 2360 ΙΙ
1187 2319 1265 2350 350.
1292 2316 1345 2351 sic
1368 2316 1422 2352 vel
1441 2315 1490 2350 sit
1506 2316 1519 2362 ΙΙ
1547 2359 1549 2361 ¹
