1560 2548
612 105 677 142 DE
702 106 896 143 PLAVTO
1347 105 1434 141 XXI

0 222 9 262 ’·,
69 216 173 259 med.
204 215 263 272 pl.
297 219 303 269 1
337 216 486 273 (egit)
524 215 570 258 Τ.
601 215 817 259 Publilius
861 215 998 258 Pellio
1038 216 1043 271 1
1082 215 1260 270 <modos
1302 214 1433 270 fecit>

81 275 299 331 Marcipor
337 274 471 332 Oppii
505 276 510 331 Ι
543 275 666 318 tibiis
698 274 892 318 Sarranis
928 277 1066 317 totam
1093 276 1098 330 1
1129 275 1271 329 <facta
1308 274 1434 329 est?>

0 343 7 394 ζ
83 333 127 378 G.
159 333 351 390 Sulpicio
385 333 427 377 C.
458 334 636 387 Aurelio
669 349 751 377 cos.
784 335 841 391 [a.
873 336 954 377 554
984 349 1024 377 u.
1056 349 1109 376 a:
1141 336 1190 388 cf.
1221 333 1374 389 XXH].

0 403 9 450 Ἀ
200 393 323 437 XXV
352 394 571 437 PLAvrvs
602 394 885 437 BAcomDVM
914 410 949 437 v.
975 397 1060 437 214
1074 408 1152 448 sq..·

0 451 8 503 ’ξ
80 453 228 496 Etiam
245 453 476 509 Epidicum
495 469 623 509 quam
649 468 729 511 ego
748 453 941 496 fabulam
967 468 1099 509 aeque
1126 468 1174 495 ac
1198 468 1266 495 me
1291 452 1435 508 ipsum

0 545 2 550 .
793 528 889 555 amo

27 567 30 571 ’
82 572 260 616 Nullam
291 587 425 628 aeque
455 572 621 615 inuitus
652 575 812 629 specto,
844 546 1002 629 si7agit
1033 572 1181 615 Pellio.

2 640 6 642 '
201 631 345 675 XXVI
380 631 663 675 SYMMAGHVS
701 633 813 686 epist.
845 632 894 674 X
920 635 971 675 2:
1013 646 1102 674 non
1141 632 1255 674 idem
1296 631 1435 674 honor

0 706 9 725 2³
83 691 130 734 in
160 691 491 747 pronuntiandis
521 691 682 734 fabulis
705 690 864 734 Publio
888 691 1074 733 Pollioni
1103 690 1217 746 [fort.
1242 690 1433 733 Publilio

83 750 288 807 Pollioni]
322 751 396 806 qui
426 749 633 793 Ambiuio
663 751 759 793 fuit.

202 809 368 856 XXVII
397 809 616 853 PLAvrvs
649 809 992 852 CISTELLARIAE
1025 814 1110 853 197
1122 824 1226 864 sqq..-

795 870 904 912 bene
936 869 1076 911 ualete
1108 872 1151 911 et
1182 869 1342 911 uincite

143 929 320 972 Virtute
350 944 471 985 uera,
503 929 618 985 quod
647 929 811 971 fecistis
842 929 1052 971 antidhac.

142 989 314 1047 Augete
345 989 505 1032 auxilia
535 988 695 1031 uostris
726 988 851 1031 iustis
881 988 1074 1045 legibus,

143 1048 317 1092 Perdite
348 1048 606 1104 perduelles,
638 1048 778 1103 parite
807 1048 979 1090 laudem
1011 1051 1054 1090 et
1083 1047 1291 1103 lauream,

143 1107 205 1151 Vt
235 1108 364 1151 uobis
393 1108 499 1150 uicti
529 1107 663 1150 Poeni
693 1122 855 1162 poenas
886 1108 1103 1149 sufferant.

202 1166 390 1210 XXVHI
414 1167 588 1209 CICERO
618 1166 704 1209 Cat.
723 1168 821 1208 mai.
848 1168 896 1209 de
919 1181 1001 1209 sen.
1022 1167 1146 1208 XIV
1163 1168 1238 1209 50:
1270 1166 1306 1208 si
1332 1181 1434 1208 uero

84 1227 219 1269 habet
239 1226 414 1282 aliquod
431 1229 652 1281 tamquam
671 1226 879 1281 pabulum
906 1226 1037 1267 studii
1063 1228 1191 1280 atque
1218 1225 1434 1267 doctrinae

84 1286 196 1328 nihil
215 1288 281 1328 est
305 1285 444 1328 otiosa
469 1287 687 1327 senectute
712 1284 939 1327 iucundius
959 1319 966 1326 .
989 1319 996 1326 .
1018 1319 1026 1327 .
1048 1320 1054 1327 .
1075 1285 1179 1340 quid
1197 1284 1243 1326 in
1266 1285 1435 1327 leuiori-

86 1346 170 1388 bus
207 1345 379 1402 studiis,
417 1344 490 1387 sed
526 1347 671 1386 tamen
708 1344 873 1386 acutis?
912 1359 1040 1399 quam
1071 1344 1288 1401 gaudebat
1320 1344 1434 1386 bello

85 1419 164 1448 suo
193 1404 356 1447 Punico
386 1403 595 1460 Naeuius,
627 1419 754 1459 quam
785 1403 1044 1446 Truculento
1076 1403 1275 1459 Plautus,
1307 1418 1435 1459 quam

64 1451 310 1514 NPseudolo.
371 1463 461 1505 uidi
504 1463 634 1505 etiam
678 1478 822 1505 senem
865 1463 1058 1519 Liuium,
1102 1463 1176 1518 qui
1220 1478 1317 1505 cum
1360 1478 1435 1505 sex

73 1523 210 1576 fannis
253 1525 353 1565 ante
391 1537 519 1578 quam
563 1537 642 1579 ego
680 1526 808 1564 natus
851 1538 945 1564 sum
987 1523 1180 1564 fabulam
1221 1522 1436 1564 docuisset

62 1582 277 1625 (Centone
310 1582 608 1637 Tuditanoque
646 1582 894 1624 consulibus
931 1596 1067 1637 usque
1105 1582 1158 1623 ad
1195 1581 1434 1624 adulescen-

36 1661 45 1688 s
85 1642 193 1684 tiam
222 1656 362 1684 meam
393 1641 602 1696 processit
633 1644 783 1683 aetate.

19 1733 21 1741 ,
204 1699 347 1743 XXIX
386 1701 459 1743 Ex
493 1700 783 1743 DIDAscALIA
818 1700 1079 1743 Psnvnom:
1122 1700 1178 1742 M.
1215 1699 1339 1742 Iunio
1378 1700 1434 1742 M.

12 1750 19 1770 x
85 1760 144 1803 fil.
176 1775 240 1816 pr.
271 1760 365 1802 urb.
393 1759 399 1815 Ι
427 1762 521 1802 acta
551 1759 796 1816 Megalesiis
829 1760 884 1816 [a.
917 1762 1000 1802 563
1029 1774 1068 1802 u.
1100 1759 1162 1815 c.].

204 1818 327 1862 XXX
375 1818 548 1862 CICERO
590 1819 711 1861 Brut.
756 1819 851 1862 XV
888 1822 963 1862 60:
1012 1822 1056 1861 at
1098 1819 1168 1860 hic
1219 1818 1435 1875 Cethegus

88 1878 237 1922 consul
279 1893 377 1921 cum
418 1878 464 1920 P.
502 1878 714 1920 Tuditano
757 1879 841 1921 fuit
885 1878 999 1920 bello
1043 1878 1205 1920 Punico
1250 1878 1434 1920 secundo

89 1940 372 1994 quaestorque
403 1937 471 1979 his
503 1938 751 1980 consulibus
775 1938 830 1980 M.
859 1937 964 1980 Cato
996 1938 1121 1980 modo
1154 1937 1280 1992 plane
1313 1937 1435 1979 annis

89 1995 199 2040 CXL
237 2000 335 2039 ante
372 2012 440 2039 me
478 1997 723 2039 consulem.
746 1997 949 2039 ...illius
988 2000 1132 2039 autem
1170 1997 1322 2038 aetatis
1361 1997 1435 2052 qui

89 2071 227 2099 sermo
270 2055 401 2098 fuerit
444 2071 495 2098 ex
538 2055 771 2099 Naeuianis
815 2056 988 2111 scriptis
1039 2056 1234 2112 intellegi
1277 2059 1433 2111 potest.

87 2115 169 2158 His
212 2115 326 2157 enim
369 2115 635 2171 consulibus,
677 2119 726 2157 ut
765 2116 810 2158 in
852 2115 1074 2158 ueteribus
1117 2115 1435 2157 commentariis

31 2202 33 2204 ·
87 2174 298 2230 scriptum
328 2177 406 2230 est,
435 2174 626 2217 Naeuius
657 2178 722 2217 est
753 2178 965 2217 mortuus:
1008 2189 1266 2230 quamquam
1295 2174 1434 2217 Varro

86 2236 236 2276 noster
274 2233 629 2290 diligentissimus
669 2234 954 2291 inuestigator
993 2233 1265 2288 antiquitatis
1307 2236 1435 2289 putat

88 2292 135 2335 in
151 2293 234 2336 hoc
253 2296 440 2335 erratum
459 2293 679 2348 uitamque
697 2293 852 2336 Naeuii
878 2293 1077 2348 producit
1102 2292 1284 2349 longius.
1320 2292 1435 2335 Nam

62 2350 267 2397 ,Plautus
303 2351 349 2394 P.
383 2351 557 2394 Claudio
595 2352 640 2394 L.
673 2352 825 2395 Porcio
860 2352 1018 2409 uiginti
1051 2352 1172 2394 annis
1204 2355 1305 2407 post
1336 2352 1435 2394 illos
