<?xml version="1.0" encoding="UTF-8"?>
<!DOCTYPE html PUBLIC "-//W3C//DTD XHTML 1.0 Transitional//EN"
    "http://www.w3.org/TR/xhtml1/DTD/xhtml1-transitional.dtd">
<html xmlns="http://www.w3.org/1999/xhtml" xml:lang="en" lang="en">
 <head>
  <title>
</title>
<meta http-equiv="Content-Type" content="text/html;charset=utf-8" />
  <meta name='ocr-system' content='tesseract 3.04.00' />
  <meta name='ocr-capabilities' content='ocr_page ocr_carea ocr_par ocr_line ocrx_word'/>
</head>
<body>
  <div class='ocr_page' id='page_1' title='image "./comoediae01plauuoft_0030.png"; bbox 0 0 1560 2548; ppageno 0'>
   <div class='ocr_carea' id='block_1_1' title="bbox 176 84 1112 124">
    <p class='ocr_par' dir='ltr' id='par_1_1' title="bbox 176 84 1112 124">
     <span class='ocr_line' id='line_1_1' title="bbox 176 84 1112 124; baseline 0.005 -5"><span class='ocrx_word' id='word_1_1' title='bbox 176 84 295 119; x_wconf 86' lang='lat' dir='ltr'>XXVI</span> <span class='ocrx_word' id='word_1_2' title='bbox 558 85 853 122; x_wconf 84' lang='lat' dir='ltr'>TESTIMONIA</span> <span class='ocrx_word' id='word_1_3' title='bbox 877 87 1112 124; x_wconf 73' lang='lat' dir='ltr'>VETERVM</span> 
     </span>
    </p>
   </div>
   <div class='ocr_carea' id='block_1_2' title="bbox 173 191 1504 370">
    <p class='ocr_par' dir='ltr' id='par_1_2' title="bbox 173 191 1504 370">
     <span class='ocr_line' id='line_1_2' title="bbox 174 191 1504 251; baseline 0.005 -19"><span class='ocrx_word' id='word_1_4' title='bbox 174 191 356 247; x_wconf 86' lang='lat' dir='ltr'>Plinius,</span> <span class='ocrx_word' id='word_1_5' title='bbox 399 192 658 248; x_wconf 74' lang='lat' dir='ltr'><strong>Euanthius,</strong></span> <span class='ocrx_word' id='word_1_6' title='bbox 701 193 902 236; x_wconf 79' lang='lat' dir='ltr'>Sacerdos</span> <span class='ocrx_word' id='word_1_7' title='bbox 941 195 1014 250; x_wconf 89' lang='lat' dir='ltr'>qui</span> <span class='ocrx_word' id='word_1_8' title='bbox 1057 198 1100 238; x_wconf 90' lang='lat' dir='ltr'>et</span> <span class='ocrx_word' id='word_1_9' title='bbox 1135 195 1347 251; x_wconf 81' lang='lat' dir='ltr'>Donatus,</span> <span class='ocrx_word' id='word_1_10' title='bbox 1367 195 1504 238; x_wconf 74' lang='lat' dir='ltr'>Iuba.</span> 
     </span>
     <span class='ocr_line' id='line_1_3' title="bbox 173 248 1504 306; baseline 0.005 -14"><span class='ocrx_word' id='word_1_11' title='bbox 173 248 283 306; x_wconf 62' lang='lat' dir='ltr'>(Vix</span> <span class='ocrx_word' id='word_1_12' title='bbox 313 252 543 293; x_wconf 73' lang='lat' dir='ltr'>addendum</span> <span class='ocrx_word' id='word_1_13' title='bbox 572 257 804 306; x_wconf 73' lang='lat' dir='ltr'>corruptum</span> <span class='ocrx_word' id='word_1_14' title='bbox 828 254 1098 296; x_wconf 69' lang='lat' dir='ltr'>testimonium</span> <span class='ocrx_word' id='word_1_15' title='bbox 1122 268 1170 296; x_wconf 73' lang='lat' dir='ltr'>ex</span> <span class='ocrx_word' id='word_1_16' title='bbox 1192 254 1337 298; x_wconf 84' lang='lat' dir='ltr'>LIBRO</span> <span class='ocrx_word' id='word_1_17' title='bbox 1362 253 1504 297; x_wconf 72' lang='lat' dir='ltr'>Gnos-</span> 
     </span>
     <span class='ocr_line' id='line_1_4' title="bbox 174 309 1328 370; baseline 0.005 -20"><span class='ocrx_word' id='word_1_18' title='bbox 174 320 348 351; x_wconf 75' lang='lat' dir='ltr'><strong>SARVMs</strong></span> <span class='ocrx_word' id='word_1_19' title='bbox 379 309 672 352; x_wconf 88' lang='lat' dir='ltr'>Plautinarum</span> <span class='ocrx_word' id='word_1_20' title='bbox 702 311 863 366; x_wconf 91' lang='lat' dir='ltr'>plaucti</span> <span class='ocrx_word' id='word_1_21' title='bbox 894 313 1078 354; x_wconf 89' lang='lat' dir='ltr'>auctoris</span> <span class='ocrx_word' id='word_1_22' title='bbox 1107 311 1328 370; x_wconf 75' lang='lat' dir='ltr'><strong>regestas.)</strong></span> 
     </span>
    </p>
   </div>
   <div class='ocr_carea' id='block_1_3' title="bbox 734 430 944 435">
    <p class='ocr_par' dir='ltr' id='par_1_3' title="bbox 734 430 944 435">
     <span class='ocr_line' id='line_1_5' title="bbox 734 430 944 435; baseline 0 0"><span class='ocrx_word' id='word_1_23' title='bbox 734 430 944 435; x_wconf 95' lang='lat' dir='ltr'> </span> 
     </span>
    </p>
   </div>
   <div class='ocr_carea' id='block_1_4' title="bbox 437 515 1239 554">
    <p class='ocr_par' dir='ltr' id='par_1_4' title="bbox 437 515 1239 554">
     <span class='ocr_line' id='line_1_6' title="bbox 437 515 1239 554; baseline 0.004 -3"><span class='ocrx_word' id='word_1_24' title='bbox 437 515 510 551; x_wconf 76' lang='lat' dir='ltr'>DE</span> <span class='ocrx_word' id='word_1_25' title='bbox 541 515 769 551; x_wconf 81' lang='lat' dir='ltr'>PLAV&#39;I&#39;O</span> <span class='ocrx_word' id='word_1_26' title='bbox 800 517 988 553; x_wconf 75' lang='lat' dir='ltr'><strong>POETA</strong></span> <span class='ocrx_word' id='word_1_27' title='bbox 1017 517 1239 554; x_wconf 74' lang='lat' dir='ltr'>IVDIGIA</span> 
     </span>
    </p>
   </div>
   <div class='ocr_carea' id='block_1_5' title="bbox 166 600 1504 2351">
    <p class='ocr_par' dir='ltr' id='par_1_5' title="bbox 172 600 1504 1013">
     <span class='ocr_line' id='line_1_7' title="bbox 290 600 1504 660; baseline 0.004 -18"><span class='ocrx_word' id='word_1_28' title='bbox 290 600 387 642; x_wconf 91' lang='lat' dir='ltr'>LIII</span> <span class='ocrx_word' id='word_1_29' title='bbox 417 600 618 644; x_wconf 71' lang='lat' dir='ltr'>GELmvs</span> <span class='ocrx_word' id='word_1_30' title='bbox 650 602 704 644; x_wconf 83' lang='lat' dir='ltr'>N.</span> <span class='ocrx_word' id='word_1_31' title='bbox 730 602 782 644; x_wconf 90' lang='lat' dir='ltr'>A.</span> <span class='ocrx_word' id='word_1_32' title='bbox 815 603 848 644; x_wconf 91' lang='lat' dir='ltr'>I</span> <span class='ocrx_word' id='word_1_33' title='bbox 864 607 933 654; x_wconf 79' lang='lat'>24,</span> <span class='ocrx_word' id='word_1_34' title='bbox 958 607 994 646; x_wconf 87' lang='lat'>1.</span> <span class='ocrx_word' id='word_1_35' title='bbox 1022 608 1070 646; x_wconf 90' lang='lat'>3:</span> <span class='ocrx_word' id='word_1_36' title='bbox 1114 604 1244 647; x_wconf 86' lang='lat' dir='ltr'>trium</span> <span class='ocrx_word' id='word_1_37' title='bbox 1281 607 1504 660; x_wconf 82' lang='lat' dir='ltr'>poetarum</span> 
     </span>
     <span class='ocr_line' id='line_1_8' title="bbox 173 659 1504 720; baseline 0.005 -20"><span class='ocrx_word' id='word_1_38' title='bbox 173 659 417 701; x_wconf 72' lang='lat' dir='ltr'>inlustrium</span> <span class='ocrx_word' id='word_1_39' title='bbox 442 660 749 716; x_wconf 85' lang='lat' dir='ltr'>epigrammata</span> <span class='ocrx_word' id='word_1_40' title='bbox 775 660 846 703; x_wconf 83' lang='lat' dir='ltr'>Cn.</span> <span class='ocrx_word' id='word_1_41' title='bbox 872 661 1036 717; x_wconf 87' lang='lat' dir='ltr'>Naeuii,</span> <span class='ocrx_word' id='word_1_42' title='bbox 1061 662 1213 718; x_wconf 79' lang='lat' dir='ltr'>Plauti,</span> <span class='ocrx_word' id='word_1_43' title='bbox 1236 663 1292 706; x_wconf 88' lang='lat' dir='ltr'>M.</span> <span class='ocrx_word' id='word_1_44' title='bbox 1316 663 1504 720; x_wconf 78' lang='lat' dir='ltr'>Pacuuii,</span> 
     </span>
     <span class='ocr_line' id='line_1_9' title="bbox 174 718 1503 776; baseline 0.005 -18"><span class='ocrx_word' id='word_1_45' title='bbox 174 732 281 772; x_wconf 91' lang='lat' dir='ltr'>quae</span> <span class='ocrx_word' id='word_1_46' title='bbox 329 718 413 772; x_wconf 88' lang='lat' dir='ltr'>ipsi</span> <span class='ocrx_word' id='word_1_47' title='bbox 460 719 650 760; x_wconf 84' lang='lat' dir='ltr'>fecerunt</span> <span class='ocrx_word' id='word_1_48' title='bbox 695 722 736 760; x_wconf 87' lang='lat' dir='ltr'>et</span> <span class='ocrx_word' id='word_1_49' title='bbox 784 720 1005 762; x_wconf 84' lang='lat' dir='ltr'>incidenda</span> <span class='ocrx_word' id='word_1_50' title='bbox 1048 722 1243 776; x_wconf 90' lang='lat' dir='ltr'>sepulcro</span> <span class='ocrx_word' id='word_1_51' title='bbox 1285 736 1362 764; x_wconf 91' lang='lat' dir='ltr'>suo</span> <span class='ocrx_word' id='word_1_52' title='bbox 1410 722 1503 764; x_wconf 85' lang='lat' dir='ltr'>reli-</span> 
     </span>
     <span class='ocr_line' id='line_1_10' title="bbox 174 777 1503 835; baseline 0.005 -18"><span class='ocrx_word' id='word_1_53' title='bbox 174 779 374 831; x_wconf 87' lang='lat' dir='ltr'>querunt,</span> <span class='ocrx_word' id='word_1_54' title='bbox 413 777 653 819; x_wconf 71' lang='lat' dir='ltr'>nobilitatis</span> <span class='ocrx_word' id='word_1_55' title='bbox 694 792 838 819; x_wconf 90' lang='lat' dir='ltr'>eorum</span> <span class='ocrx_word' id='word_1_56' title='bbox 878 779 1016 835; x_wconf 86' lang='lat' dir='ltr'>gratia</span> <span class='ocrx_word' id='word_1_57' title='bbox 1053 782 1096 821; x_wconf 86' lang='lat' dir='ltr'>et</span> <span class='ocrx_word' id='word_1_58' title='bbox 1132 780 1369 822; x_wconf 88' lang='lat' dir='ltr'>uenustatis</span> <span class='ocrx_word' id='word_1_59' title='bbox 1406 781 1503 823; x_wconf 87' lang='lat' dir='ltr'>scri-</span> 
     </span>
     <span class='ocr_line' id='line_1_11' title="bbox 173 835 1504 895; baseline 0.004 -19"><span class='ocrx_word' id='word_1_60' title='bbox 173 835 312 876; x_wconf 89' lang='lat' dir='ltr'>benda</span> <span class='ocrx_word' id='word_1_61' title='bbox 349 835 394 876; x_wconf 91' lang='lat' dir='ltr'>in</span> <span class='ocrx_word' id='word_1_62' title='bbox 430 835 497 877; x_wconf 90' lang='lat' dir='ltr'>his</span> <span class='ocrx_word' id='word_1_63' title='bbox 530 836 843 878; x_wconf 89' lang='lat' dir='ltr'>commentariis</span> <span class='ocrx_word' id='word_1_64' title='bbox 875 852 964 879; x_wconf 89' lang='lat' dir='ltr'>esse</span> <span class='ocrx_word' id='word_1_65' title='bbox 1003 838 1104 879; x_wconf 82' lang='lat' dir='ltr'>duxi</span> <span class='ocrx_word' id='word_1_66' title='bbox 1125 872 1132 879; x_wconf 92' lang='lat'><strong>.</strong></span> <span class='ocrx_word' id='word_1_67' title='bbox 1154 873 1162 880; x_wconf 93' lang='lat'>.</span> <span class='ocrx_word' id='word_1_68' title='bbox 1183 872 1190 880; x_wconf 92' lang='lat'><strong>.</strong></span> <span class='ocrx_word' id='word_1_69' title='bbox 1212 872 1220 880; x_wconf 91' lang='lat'>.</span> <span class='ocrx_word' id='word_1_70' title='bbox 1241 838 1504 895; x_wconf 76' lang='lat' dir='ltr'>epigrama</span> 
     </span>
     <span class='ocr_line' id='line_1_12' title="bbox 173 893 1503 951; baseline 0.005 -17"><span class='ocrx_word' id='word_1_71' title='bbox 173 893 316 935; x_wconf 87' lang='lat' dir='ltr'>Plauti</span> <span class='ocrx_word' id='word_1_72' title='bbox 355 894 469 948; x_wconf 91' lang='lat' dir='ltr'>quod</span> <span class='ocrx_word' id='word_1_73' title='bbox 506 894 818 936; x_wconf 70' lang='lat' dir='ltr'>dubitassemus</span> <span class='ocrx_word' id='word_1_74' title='bbox 855 900 920 937; x_wconf 88' lang='lat' dir='ltr'>an&#39;</span> <span class='ocrx_word' id='word_1_75' title='bbox 938 895 1080 938; x_wconf 89' lang='lat' dir='ltr'>Plauti</span> <span class='ocrx_word' id='word_1_76' title='bbox 1115 897 1242 951; x_wconf 85' lang='lat' dir='ltr'>foret,</span> <span class='ocrx_word' id='word_1_77' title='bbox 1278 897 1362 939; x_wconf 88' lang='lat' dir='ltr'>nisi</span> <span class='ocrx_word' id='word_1_78' title='bbox 1392 912 1416 939; x_wconf 88' lang='lat' dir='ltr'>a</span> <span class='ocrx_word' id='word_1_79' title='bbox 1446 897 1503 940; x_wconf 89' lang='lat' dir='ltr'>M.</span> 
     </span>
     <span class='ocr_line' id='line_1_13' title="bbox 172 952 1380 1013; baseline 0.003 -20"><span class='ocrx_word' id='word_1_80' title='bbox 172 952 364 994; x_wconf 88' lang='lat' dir='ltr'>Varrone</span> <span class='ocrx_word' id='word_1_81' title='bbox 395 952 583 1006; x_wconf 88' lang='lat' dir='ltr'>positum</span> <span class='ocrx_word' id='word_1_82' title='bbox 614 955 724 994; x_wconf 86' lang='lat' dir='ltr'>esset</span> <span class='ocrx_word' id='word_1_83' title='bbox 754 953 799 994; x_wconf 90' lang='lat' dir='ltr'>in</span> <span class='ocrx_word' id='word_1_84' title='bbox 828 953 940 996; x_wconf 90' lang='lat' dir='ltr'>libro</span> <span class='ocrx_word' id='word_1_85' title='bbox 973 955 1022 996; x_wconf 86' lang='lat' dir='ltr'>de</span> <span class='ocrx_word' id='word_1_86' title='bbox 1053 955 1192 1009; x_wconf 87' lang='lat' dir='ltr'>poetis</span> <span class='ocrx_word' id='word_1_87' title='bbox 1223 955 1380 1013; x_wconf 87' lang='lat' dir='ltr'>primo:</span> 
     </span>
    </p>

    <p class='ocr_par' dir='ltr' id='par_1_6' title="bbox 230 1010 1504 1174">
     <span class='ocr_line' id='line_1_14' title="bbox 230 1010 1504 1070; baseline 0.004 -19"><span class='ocrx_word' id='word_1_88' title='bbox 230 1010 464 1064; x_wconf 90' lang='lat' dir='ltr'>Postquam</span> <span class='ocrx_word' id='word_1_89' title='bbox 484 1014 547 1052; x_wconf 88' lang='lat' dir='ltr'>est</span> <span class='ocrx_word' id='word_1_90' title='bbox 566 1014 747 1053; x_wconf 88' lang='lat' dir='ltr'>mortem</span> <span class='ocrx_word' id='word_1_91' title='bbox 765 1015 892 1066; x_wconf 88' lang='lat' dir='ltr'>aptus</span> <span class='ocrx_word' id='word_1_92' title='bbox 909 1013 1098 1069; x_wconf 81' lang='lat' dir='ltr'>Plautus,</span> <span class='ocrx_word' id='word_1_93' title='bbox 1123 1012 1348 1056; x_wconf 80' lang='lat' dir='ltr'>Comoedia</span> <span class='ocrx_word' id='word_1_94' title='bbox 1371 1014 1504 1070; x_wconf 82' lang='lat' dir='ltr'>luget,</span> 
     </span>
     <span class='ocr_line' id='line_1_15' title="bbox 233 1068 1401 1127; baseline 0.004 -17"><span class='ocrx_word' id='word_1_95' title='bbox 233 1068 390 1111; x_wconf 81' lang='lat' dir='ltr'>Scaena</span> <span class='ocrx_word' id='word_1_96' title='bbox 421 1072 484 1111; x_wconf 88' lang='lat' dir='ltr'>est</span> <span class='ocrx_word' id='word_1_97' title='bbox 516 1070 697 1124; x_wconf 85' lang='lat' dir='ltr'>deserta,</span> <span class='ocrx_word' id='word_1_98' title='bbox 727 1070 825 1111; x_wconf 89' lang='lat' dir='ltr'>dein</span> <span class='ocrx_word' id='word_1_99' title='bbox 854 1071 992 1126; x_wconf 84' lang='lat' dir='ltr'>Risus,</span> <span class='ocrx_word' id='word_1_100' title='bbox 1021 1071 1166 1113; x_wconf 92' lang='lat' dir='ltr'>Ludus</span> <span class='ocrx_word' id='word_1_101' title='bbox 1194 1071 1401 1127; x_wconf 87' lang='lat' dir='ltr'>Iocusque</span> 
     </span>
     <span class='ocr_line' id='line_1_16' title="bbox 230 1127 1450 1174; baseline 0.004 -6"><span class='ocrx_word' id='word_1_102' title='bbox 230 1127 288 1169; x_wconf 86' lang='lat' dir='ltr'>Et</span> <span class='ocrx_word' id='word_1_103' title='bbox 317 1127 483 1169; x_wconf 88' lang='lat' dir='ltr'>numeri</span> <span class='ocrx_word' id='word_1_104' title='bbox 514 1128 723 1170; x_wconf 86' lang='lat' dir='ltr'>innumeri</span> <span class='ocrx_word' id='word_1_105' title='bbox 756 1129 881 1170; x_wconf 89' lang='lat' dir='ltr'>simul</span> <span class='ocrx_word' id='word_1_106' title='bbox 911 1144 1056 1171; x_wconf 89' lang='lat' dir='ltr'>omnes</span> <span class='ocrx_word' id='word_1_107' title='bbox 1087 1130 1450 1174; x_wconf 81' lang='lat' dir='ltr'>conlacrimarunt.</span> 
     </span>
    </p>

    <p class='ocr_par' dir='ltr' id='par_1_7' title="bbox 288 1185 1153 1242">
     <span class='ocr_line' id='line_1_17' title="bbox 288 1185 1153 1242; baseline 0.003 -15"><span class='ocrx_word' id='word_1_108' title='bbox 288 1185 385 1227; x_wconf 88' lang='lat' dir='ltr'>LIV</span> <span class='ocrx_word' id='word_1_109' title='bbox 414 1186 662 1228; x_wconf 73' lang='lat' dir='ltr'>PROLOGVS</span> <span class='ocrx_word' id='word_1_110' title='bbox 695 1186 891 1229; x_wconf 77' lang='lat' dir='ltr'>CAsmAE</span> <span class='ocrx_word' id='word_1_111' title='bbox 923 1203 957 1230; x_wconf 76' lang='lat' dir='ltr'>v.</span> <span class='ocrx_word' id='word_1_112' title='bbox 983 1192 1034 1230; x_wconf 84' lang='lat'>11</span> <span class='ocrx_word' id='word_1_113' title='bbox 1046 1202 1128 1242; x_wconf 81' lang='lat' dir='ltr'>sqq.</span> <span class='ocrx_word' id='word_1_114' title='bbox 1139 1203 1153 1230; x_wconf 95' lang='lat'>.·</span> 
     </span>
    </p>

    <p class='ocr_par' dir='ltr' id='par_1_8' title="bbox 230 1243 1363 1418">
     <span class='ocr_line' id='line_1_18' title="bbox 230 1243 1363 1301; baseline 0.004 -16"><span class='ocrx_word' id='word_1_115' title='bbox 230 1243 321 1286; x_wconf 90' lang='lat' dir='ltr'>Nos</span> <span class='ocrx_word' id='word_1_116' title='bbox 352 1248 580 1299; x_wconf 84' lang='lat' dir='ltr'>postquam</span> <span class='ocrx_word' id='word_1_117' title='bbox 611 1245 761 1299; x_wconf 89' lang='lat' dir='ltr'>populi</span> <span class='ocrx_word' id='word_1_118' title='bbox 792 1246 1042 1301; x_wconf 86' lang='lat' dir='ltr'>rumore[m]</span> <span class='ocrx_word' id='word_1_119' title='bbox 1075 1246 1363 1290; x_wconf 86' lang='lat' dir='ltr'>intelleximus</span> 
     </span>
     <span class='ocr_line' id='line_1_19' title="bbox 231 1302 1228 1359; baseline 0.003 -16"><span class='ocrx_word' id='word_1_120' title='bbox 231 1302 427 1344; x_wconf 86' lang='lat' dir='ltr'>Studiose</span> <span class='ocrx_word' id='word_1_121' title='bbox 459 1306 656 1357; x_wconf 85' lang='lat' dir='ltr'>expetere</span> <span class='ocrx_word' id='word_1_122' title='bbox 688 1318 765 1345; x_wconf 93' lang='lat' dir='ltr'>uos</span> <span class='ocrx_word' id='word_1_123' title='bbox 794 1304 1013 1347; x_wconf 62' lang='lat' dir='ltr'>Plautinas</span> <span class='ocrx_word' id='word_1_124' title='bbox 1042 1305 1228 1359; x_wconf 83' lang='lat' dir='ltr'>fabulas,</span> 
     </span>
     <span class='ocr_line' id='line_1_20' title="bbox 230 1361 1087 1418; baseline 0.004 -17"><span class='ocrx_word' id='word_1_125' title='bbox 230 1361 464 1415; x_wconf 87' lang='lat' dir='ltr'>Antiquam</span> <span class='ocrx_word' id='word_1_126' title='bbox 496 1361 586 1402; x_wconf 89' lang='lat' dir='ltr'>eius</span> <span class='ocrx_word' id='word_1_127' title='bbox 617 1361 779 1403; x_wconf 88' lang='lat' dir='ltr'>edimus</span> <span class='ocrx_word' id='word_1_128' title='bbox 809 1363 1087 1418; x_wconf 79' lang='lat' dir='ltr'>comoediam,</span> 
     </span>
    </p>

    <p class='ocr_par' dir='ltr' id='par_1_9' title="bbox 228 1419 1420 1709">
     <span class='ocr_line' id='line_1_21' title="bbox 230 1419 1317 1474; baseline 0.004 -15"><span class='ocrx_word' id='word_1_129' title='bbox 230 1419 365 1468; x_wconf 85' lang='lat' dir='ltr'>Quam</span> <span class='ocrx_word' id='word_1_130' title='bbox 396 1434 472 1460; x_wconf 91' lang='lat' dir='ltr'>uos</span> <span class='ocrx_word' id='word_1_131' title='bbox 503 1419 719 1473; x_wconf 88' lang='lat' dir='ltr'>probastis</span> <span class='ocrx_word' id='word_1_132' title='bbox 751 1421 823 1474; x_wconf 90' lang='lat' dir='ltr'>qui</span> <span class='ocrx_word' id='word_1_133' title='bbox 854 1421 956 1462; x_wconf 88' lang='lat' dir='ltr'>estis</span> <span class='ocrx_word' id='word_1_134' title='bbox 986 1421 1031 1462; x_wconf 92' lang='lat' dir='ltr'>in</span> <span class='ocrx_word' id='word_1_135' title='bbox 1061 1421 1317 1463; x_wconf 88' lang='lat' dir='ltr'>senioribus:</span> 
     </span>
     <span class='ocr_line' id='line_1_22' title="bbox 229 1477 1280 1534; baseline 0.004 -16"><span class='ocrx_word' id='word_1_136' title='bbox 229 1477 341 1519; x_wconf 89' lang='lat' dir='ltr'>Nam</span> <span class='ocrx_word' id='word_1_137' title='bbox 372 1477 586 1519; x_wconf 91' lang='lat' dir='ltr'>iuniorum</span> <span class='ocrx_word' id='word_1_138' title='bbox 617 1478 689 1532; x_wconf 93' lang='lat' dir='ltr'>qui</span> <span class='ocrx_word' id='word_1_139' title='bbox 722 1481 820 1519; x_wconf 89' lang='lat' dir='ltr'>sunt</span> <span class='ocrx_word' id='word_1_140' title='bbox 850 1494 937 1520; x_wconf 92' lang='lat' dir='ltr'>non</span> <span class='ocrx_word' id='word_1_141' title='bbox 965 1482 1140 1534; x_wconf 84' lang='lat' dir='ltr'>norunt,</span> <span class='ocrx_word' id='word_1_142' title='bbox 1172 1480 1280 1534; x_wconf 83' lang='lat' dir='ltr'>scio,</span> 
     </span>
     <span class='ocr_line' id='line_1_23' title="bbox 229 1535 1372 1592; baseline 0.003 -16"><span class='ocrx_word' id='word_1_143' title='bbox 229 1535 390 1577; x_wconf 89' lang='lat' dir='ltr'>Verum</span> <span class='ocrx_word' id='word_1_144' title='bbox 421 1539 468 1576; x_wconf 89' lang='lat' dir='ltr'>ut</span> <span class='ocrx_word' id='word_1_145' title='bbox 499 1539 755 1591; x_wconf 85' lang='lat' dir='ltr'>cognoscant</span> <span class='ocrx_word' id='word_1_146' title='bbox 787 1537 981 1579; x_wconf 87' lang='lat' dir='ltr'>dabimus</span> <span class='ocrx_word' id='word_1_147' title='bbox 1012 1553 1184 1592; x_wconf 85' lang='lat' dir='ltr'>operam</span> <span class='ocrx_word' id='word_1_148' title='bbox 1215 1538 1372 1580; x_wconf 89' lang='lat' dir='ltr'>sedulo.</span> 
     </span>
     <span class='ocr_line' id='line_1_24' title="bbox 229 1593 1420 1650; baseline 0.005 -16"><span class='ocrx_word' id='word_1_149' title='bbox 229 1593 346 1635; x_wconf 90' lang='lat' dir='ltr'>Haec</span> <span class='ocrx_word' id='word_1_150' title='bbox 378 1608 506 1648; x_wconf 91' lang='lat' dir='ltr'>quom</span> <span class='ocrx_word' id='word_1_151' title='bbox 538 1594 723 1648; x_wconf 85' lang='lat' dir='ltr'>primum</span> <span class='ocrx_word' id='word_1_152' title='bbox 755 1598 907 1650; x_wconf 79' lang='lat' dir='ltr'>actast,</span> <span class='ocrx_word' id='word_1_153' title='bbox 937 1596 1041 1638; x_wconf 88' lang='lat' dir='ltr'>uicit</span> <span class='ocrx_word' id='word_1_154' title='bbox 1073 1597 1210 1639; x_wconf 90' lang='lat' dir='ltr'>omnis</span> <span class='ocrx_word' id='word_1_155' title='bbox 1239 1597 1420 1640; x_wconf 83' lang='lat' dir='ltr'>fabulas.</span> 
     </span>
     <span class='ocr_line' id='line_1_25' title="bbox 228 1652 1070 1709; baseline 0.004 -16"><span class='ocrx_word' id='word_1_156' title='bbox 228 1652 293 1693; x_wconf 88' lang='lat' dir='ltr'>Ea</span> <span class='ocrx_word' id='word_1_157' title='bbox 322 1655 576 1706; x_wconf 88' lang='lat' dir='ltr'>tempestate</span> <span class='ocrx_word' id='word_1_158' title='bbox 606 1653 685 1694; x_wconf 89' lang='lat' dir='ltr'>flos</span> <span class='ocrx_word' id='word_1_159' title='bbox 717 1656 939 1707; x_wconf 85' lang='lat' dir='ltr'>poetarum</span> <span class='ocrx_word' id='word_1_160' title='bbox 969 1655 1070 1709; x_wconf 86' lang='lat' dir='ltr'>fuit,</span> 
     </span>
    </p>

    <p class='ocr_par' dir='ltr' id='par_1_10' title="bbox 228 1710 1425 1827">
     <span class='ocr_line' id='line_1_26' title="bbox 228 1710 1367 1768; baseline 0.004 -17"><span class='ocrx_word' id='word_1_161' title='bbox 228 1710 309 1760; x_wconf 84' lang='lat' dir='ltr'>Qui</span> <span class='ocrx_word' id='word_1_162' title='bbox 339 1725 451 1752; x_wconf 91' lang='lat' dir='ltr'>nunc</span> <span class='ocrx_word' id='word_1_163' title='bbox 481 1710 678 1752; x_wconf 89' lang='lat' dir='ltr'>abierunt</span> <span class='ocrx_word' id='word_1_164' title='bbox 708 1711 807 1754; x_wconf 88' lang='lat' dir='ltr'>hinc</span> <span class='ocrx_word' id='word_1_165' title='bbox 838 1712 883 1753; x_wconf 92' lang='lat' dir='ltr'>in</span> <span class='ocrx_word' id='word_1_166' title='bbox 914 1727 1178 1755; x_wconf 90' lang='lat' dir='ltr'>communem</span> <span class='ocrx_word' id='word_1_167' title='bbox 1209 1714 1367 1768; x_wconf 88' lang='lat' dir='ltr'>locum,</span> 
     </span>
     <span class='ocr_line' id='line_1_27' title="bbox 228 1768 1425 1827; baseline 0.003 -17"><span class='ocrx_word' id='word_1_168' title='bbox 228 1768 310 1811; x_wconf 86' lang='lat' dir='ltr'>Sed</span> <span class='ocrx_word' id='word_1_169' title='bbox 339 1772 483 1810; x_wconf 86' lang='lat' dir='ltr'>tamen</span> <span class='ocrx_word' id='word_1_170' title='bbox 513 1769 710 1811; x_wconf 87' lang='lat' dir='ltr'>absentes</span> <span class='ocrx_word' id='word_1_171' title='bbox 741 1774 920 1824; x_wconf 86' lang='lat' dir='ltr'>prosunt</span> <span class='ocrx_word' id='word_1_172' title='bbox 951 1773 1085 1826; x_wconf 86' lang='lat' dir='ltr'>&lt;pro&gt;</span> <span class='ocrx_word' id='word_1_173' title='bbox 1117 1772 1425 1827; x_wconf 86' lang='lat' dir='ltr'>praesentibus.</span> 
     </span>
    </p>

    <p class='ocr_par' dir='ltr' id='par_1_11' title="bbox 166 1827 1500 2161">
     <span class='ocr_line' id='line_1_28' title="bbox 284 1827 1499 1884; baseline 0.004 -16"><span class='ocrx_word' id='word_1_174' title='bbox 284 1827 361 1869; x_wconf 89' lang='lat' dir='ltr'>LV</span> <span class='ocrx_word' id='word_1_175' title='bbox 399 1827 662 1869; x_wconf 77' lang='lat' dir='ltr'>VOLOAcws</span> <span class='ocrx_word' id='word_1_176' title='bbox 704 1828 949 1871; x_wconf 75' lang='lat' dir='ltr'>SEDIGITvs</span> <span class='ocrx_word' id='word_1_177' title='bbox 991 1831 1103 1884; x_wconf 74' lang='lat' dir='ltr'>apud</span> <span class='ocrx_word' id='word_1_178' title='bbox 1144 1830 1323 1872; x_wconf 78' lang='lat' dir='ltr'>Gellium</span> <span class='ocrx_word' id='word_1_179' title='bbox 1359 1831 1413 1873; x_wconf 92' lang='lat' dir='ltr'>N.</span> <span class='ocrx_word' id='word_1_180' title='bbox 1444 1831 1499 1873; x_wconf 82' lang='lat' dir='ltr'>A.</span> 
     </span>
     <span class='ocr_line' id='line_1_29' title="bbox 168 1883 1500 1944; baseline 0.003 -17"><span class='ocrx_word' id='word_1_181' title='bbox 168 1883 264 1927; x_wconf 87' lang='lat' dir='ltr'>XV</span> <span class='ocrx_word' id='word_1_182' title='bbox 286 1889 366 1928; x_wconf 77' lang='lat'>24:</span> <span class='ocrx_word' id='word_1_183' title='bbox 410 1885 624 1941; x_wconf 84' lang='lat' dir='ltr'>Sedigitus</span> <span class='ocrx_word' id='word_1_184' title='bbox 661 1886 705 1928; x_wconf 90' lang='lat' dir='ltr'>in</span> <span class='ocrx_word' id='word_1_185' title='bbox 740 1887 852 1929; x_wconf 89' lang='lat' dir='ltr'>libro</span> <span class='ocrx_word' id='word_1_186' title='bbox 891 1903 1016 1942; x_wconf 89' lang='lat' dir='ltr'>quem</span> <span class='ocrx_word' id='word_1_187' title='bbox 1053 1888 1223 1943; x_wconf 89' lang='lat' dir='ltr'>scripsit</span> <span class='ocrx_word' id='word_1_188' title='bbox 1260 1889 1310 1930; x_wconf 90' lang='lat' dir='ltr'>de</span> <span class='ocrx_word' id='word_1_189' title='bbox 1348 1889 1500 1944; x_wconf 85' lang='lat' dir='ltr'>poetis,</span> 
     </span>
     <span class='ocr_line' id='line_1_30' title="bbox 168 1944 1500 2002; baseline 0.004 -18"><span class='ocrx_word' id='word_1_190' title='bbox 168 1944 270 1998; x_wconf 86' lang='lat' dir='ltr'>quid</span> <span class='ocrx_word' id='word_1_191' title='bbox 308 1945 358 1985; x_wconf 91' lang='lat' dir='ltr'>de</span> <span class='ocrx_word' id='word_1_192' title='bbox 394 1944 461 1985; x_wconf 91' lang='lat' dir='ltr'>his</span> <span class='ocrx_word' id='word_1_193' title='bbox 498 1945 653 1985; x_wconf 86' lang='lat' dir='ltr'>sentiat</span> <span class='ocrx_word' id='word_1_194' title='bbox 691 1946 763 1999; x_wconf 91' lang='lat' dir='ltr'>qui</span> <span class='ocrx_word' id='word_1_195' title='bbox 800 1947 1036 1988; x_wconf 86' lang='lat' dir='ltr'>comoedias</span> <span class='ocrx_word' id='word_1_196' title='bbox 1071 1947 1262 1988; x_wconf 88' lang='lat' dir='ltr'>fecerunt</span> <span class='ocrx_word' id='word_1_197' title='bbox 1300 1950 1342 1989; x_wconf 91' lang='lat' dir='ltr'>et</span> <span class='ocrx_word' id='word_1_198' title='bbox 1373 1962 1500 2002; x_wconf 90' lang='lat' dir='ltr'>quem</span> 
     </span>
     <span class='ocr_line' id='line_1_31' title="bbox 166 2003 1498 2060; baseline 0.003 -17"><span class='ocrx_word' id='word_1_199' title='bbox 166 2017 219 2044; x_wconf 85' lang='lat' dir='ltr'>ex</span> <span class='ocrx_word' id='word_1_200' title='bbox 256 2003 454 2044; x_wconf 87' lang='lat' dir='ltr'>omnibus</span> <span class='ocrx_word' id='word_1_201' title='bbox 491 2006 705 2056; x_wconf 85' lang='lat' dir='ltr'>praestare</span> <span class='ocrx_word' id='word_1_202' title='bbox 746 2005 896 2046; x_wconf 90' lang='lat' dir='ltr'>ceteris</span> <span class='ocrx_word' id='word_1_203' title='bbox 933 2007 1056 2059; x_wconf 91' lang='lat' dir='ltr'>putet</span> <span class='ocrx_word' id='word_1_204' title='bbox 1093 2019 1141 2046; x_wconf 89' lang='lat' dir='ltr'>ac</span> <span class='ocrx_word' id='word_1_205' title='bbox 1177 2005 1375 2060; x_wconf 89' lang='lat' dir='ltr'>deinceps</span> <span class='ocrx_word' id='word_1_206' title='bbox 1413 2020 1498 2060; x_wconf 92' lang='lat' dir='ltr'>quo</span> 
     </span>
     <span class='ocr_line' id='line_1_32' title="bbox 168 2061 1500 2118; baseline 0.003 -17"><span class='ocrx_word' id='word_1_207' title='bbox 168 2075 379 2115; x_wconf 88' lang='lat' dir='ltr'>quemque</span> <span class='ocrx_word' id='word_1_208' title='bbox 416 2061 460 2102; x_wconf 87' lang='lat' dir='ltr'>in</span> <span class='ocrx_word' id='word_1_209' title='bbox 495 2061 587 2103; x_wconf 91' lang='lat' dir='ltr'>loco</span> <span class='ocrx_word' id='word_1_210' title='bbox 626 2065 668 2103; x_wconf 84' lang='lat' dir='ltr'>et</span> <span class='ocrx_word' id='word_1_211' title='bbox 705 2062 863 2104; x_wconf 88' lang='lat' dir='ltr'>honore</span> <span class='ocrx_word' id='word_1_212' title='bbox 901 2066 1053 2118; x_wconf 86' lang='lat' dir='ltr'>ponat,</span> <span class='ocrx_word' id='word_1_213' title='bbox 1088 2063 1156 2104; x_wconf 90' lang='lat' dir='ltr'>his</span> <span class='ocrx_word' id='word_1_214' title='bbox 1186 2063 1380 2105; x_wconf 83' lang='lat' dir='ltr'>versibus</span> <span class='ocrx_word' id='word_1_215' title='bbox 1412 2064 1500 2106; x_wconf 88' lang='lat' dir='ltr'>suis</span> 
     </span>
     <span class='ocr_line' id='line_1_33' title="bbox 168 2119 449 2161; baseline 0.004 -2"><span class='ocrx_word' id='word_1_216' title='bbox 168 2119 449 2161; x_wconf 88' lang='lat' dir='ltr'>demonstrat:</span> 
     </span>
    </p>

    <p class='ocr_par' dir='ltr' id='par_1_12' title="bbox 221 2177 1278 2351">
     <span class='ocr_line' id='line_1_34' title="bbox 222 2177 1278 2235; baseline 0.004 -17"><span class='ocrx_word' id='word_1_217' title='bbox 222 2177 383 2219; x_wconf 92' lang='lat' dir='ltr'>Multos</span> <span class='ocrx_word' id='word_1_218' title='bbox 413 2178 595 2219; x_wconf 87' lang='lat' dir='ltr'>incertos</span> <span class='ocrx_word' id='word_1_219' title='bbox 627 2182 786 2220; x_wconf 88' lang='lat' dir='ltr'>certare</span> <span class='ocrx_word' id='word_1_220' title='bbox 818 2180 926 2221; x_wconf 89' lang='lat' dir='ltr'>hanc</span> <span class='ocrx_word' id='word_1_221' title='bbox 956 2195 1046 2221; x_wconf 86' lang='lat' dir='ltr'>rem</span> <span class='ocrx_word' id='word_1_222' title='bbox 1077 2179 1278 2235; x_wconf 71' lang='lat' dir='ltr'>uidimus,</span> 
     </span>
     <span class='ocr_line' id='line_1_35' title="bbox 223 2235 1123 2290; baseline 0.003 -14"><span class='ocrx_word' id='word_1_223' title='bbox 223 2235 414 2277; x_wconf 88' lang='lat' dir='ltr'>Palmam</span> <span class='ocrx_word' id='word_1_224' title='bbox 444 2239 596 2290; x_wconf 87' lang='lat' dir='ltr'>poetae</span> <span class='ocrx_word' id='word_1_225' title='bbox 627 2237 786 2279; x_wconf 91' lang='lat' dir='ltr'>comico</span> <span class='ocrx_word' id='word_1_226' title='bbox 818 2238 886 2279; x_wconf 88' lang='lat' dir='ltr'>cui</span> <span class='ocrx_word' id='word_1_227' title='bbox 917 2238 1123 2280; x_wconf 87' lang='lat' dir='ltr'>deferant:</span> 
     </span>
     <span class='ocr_line' id='line_1_36' title="bbox 221 2294 1257 2351; baseline 0.003 -16"><span class='ocrx_word' id='word_1_228' title='bbox 221 2294 332 2335; x_wconf 88' lang='lat' dir='ltr'>Eum</span> <span class='ocrx_word' id='word_1_229' title='bbox 363 2309 457 2335; x_wconf 90' lang='lat' dir='ltr'>meo</span> <span class='ocrx_word' id='word_1_230' title='bbox 490 2295 644 2336; x_wconf 91' lang='lat' dir='ltr'>iudicio</span> <span class='ocrx_word' id='word_1_231' title='bbox 677 2310 861 2337; x_wconf 88' lang='lat' dir='ltr'>errorem</span> <span class='ocrx_word' id='word_1_232' title='bbox 892 2296 1122 2338; x_wconf 88' lang='lat' dir='ltr'>dissoluam</span> <span class='ocrx_word' id='word_1_233' title='bbox 1151 2295 1257 2351; x_wconf 84' lang='lat' dir='ltr'>tibi,</span> 
     </span>
    </p>
   </div>
  </div>
 </body>
</html>
