1560 2548
166 81 226 123 26
750 81 925 117 PLAv'n
1178 80 1233 116 111
1249 85 1283 127 σ,
1300 84 1417 119 6-25
1434 81 1501 130 [A]

166 186 233 230 ΡΙ.
266 187 389 230 Certe
419 187 458 230 is
488 191 563 230 est.
617 188 716 231 MN.
747 188 791 230 Is
822 190 897 230 est.
953 186 1075 242 <ΡΙ.>
1109 187 1251 230 Adibo
1281 189 1428 232 contra
1458 191 1502 230 et

872 246 1100 288 contollam
1129 246 1320 302 gradum.
1431 257 1499 290 535

168 304 271 359 [ΡΙ]
318 304 468 347 saluos
498 305 568 359 sis,
597 303 868 347 Mnesiloche.
918 303 1018 347 MN.
1057 303 1192 347 Salue.
1245 303 1312 347 ΡΙ.
1351 303 1502 348 ΒάῙΠοε

870 377 999 417 quom
1028 377 1205 419 peregre
1236 363 1422 419 aduenis,

165 420 281 463 Cena
312 421 444 463 detur.
505 421 603 464 MN.
645 421 689 464 Ν
691 423 747 463 6n
781 420 922 476 placet
957 421 1063 463 mihi
1093 423 1196 463 cena
1232 435 1339 476 quae
1370 421 1502 464 bilem

870 482 1024 522 mouet.

166 536 233 579 ΡΙ.
258 537 484 593 Numquae
510 538 752 580 aduenienti
778 538 999 595 aegritudo
1023 537 1259 580 obiectast?
1301 537 1400 581 MN.
1426 537 1503 580 At·

871 611 952 651 que
983 598 1208 638 acerruma.

165 653 234 696 ΡΙ.
266 644 417 696 Vnde?
477 654 576 697 MN.
621 654 691 697 Ab
729 655 900 697 homine
937 656 1063 709 quem
1097 654 1175 711 mi.
1193 654 1374 696 amicum
1410 669 1501 696 esse

868 713 1100 755 arbitratus
1131 727 1223 755 sum
1253 713 1461 755 antidhac.

167 769 253 827 (ΡΙ.
281 770 408 812 Multi
432 785 549 812 more
573 770 657 813 isto
683 772 810 826 atque
836 771 1031 826 exemplo
1055 771 1218 827 uiuont,
1243 786 1350 826 quos
1373 786 1502 826 quom

186 874 199 885 Ι
870 831 1039 872 censeas
1432 841 1501 873 540

167 887 276 929 Esse
307 887 477 942 amicos,
507 887 778 942 reperiuntur
807 888 904 930 falsi
933 887 1198 943 falsim6njis‚

166 944 336 1001 Lingua
365 945 544 1000 factiosi,
574 945 732 988 inertes
763 948 904 1001 opera,
935 946 1126 988 sublesta
1153 946 1246 988 fide.

167 1003 327 1046 Nullus
352 1006 416 1046 est
444 1004 544 1059 quoi
562 1006 650 1047 n6n
667 1004 886 1046 inuideant
903 1006 994 1047 rem
1018 1005 1243 1047 secundam
1267 1003 1501 1061 optingere.

167 1061 283 1117 [Sibi
313 1077 367 1120 ne
397 1062 637 1104 inuideatur
666 1063 751 1118 ipsi
781 1063 927 1119 ignaui
957 1066 1070 1105 recte
1101 1064 1282 1115 cauent]

167 1118 257 1164 MN
259 1153 268 1163 .
310 1121 479 1176 Edepol
513 1136 566 1163 ne
596 1123 646 1163 tu
676 1122 848 1164 illorum
882 1136 1022 1164 mores
1058 1122 1265 1177 perquam
1300 1120 1501 1163 meditate

870 1182 999 1222 tenes.
1433 1189 1500 1222 545

169 1236 254 1279 sed
284 1237 413 1279 etiam
444 1252 576 1280 unum
611 1238 709 1280 hoc:
747 1240 800 1280 ex
837 1237 1008 1294 ingenio
1044 1237 1156 1279 malo
1192 1236 1352 1279 malum
1386 1236 1502 1279 inue-

869 1297 993 1338 niunt
1024 1310 1117 1338 suo:

167 1353 289 1397 Nulli
320 1354 444 1396 amici
475 1357 591 1410 sunt,
627 1354 820 1397 inimicos
850 1354 935 1410 ipsi
967 1354 1014 1397 in
1044 1369 1132 1396 sese
1163 1352 1301 1396 omm‘s
1329 1353 1501 1396 habent.

168 1412 312 1467 Atque
343 1412 359 1454 i
390 1427 434 1454 se
466 1428 596 1468 quom
624 1413 852 1467 frustrant,
883 1412 1078 1455 frustrari
1108 1412 1213 1454 alios
1243 1411 1386 1454 stolidi
1417 1411 1501 1454 exs—

871 1472 1070 1512 stumant.

170 1528 289 1571 Sicut
314 1532 379 1571 est
402 1528 472 1570 hic
497 1543 624 1584 quem
648 1531 738 1571 esse
763 1528 945 1570 amicum
968 1530 1085 1571 ratus
1111 1542 1204 1570 sum
1231 1530 1358 1583 atque
1382 1527 1502 1583 ipsus

870 1590 965 1629 siim
993 1586 1116 1628 mihi:

169 1636 247 1687 Ille
274 1645 387 1700 quod
410 1645 456 1687 in
480 1660 524 1687 se
548 1644 632 1687 fuit
657 1647 899 1687 accuratum
922 1645 1075 1687 habuit
1100 1644 1214 1699 quod
1230 1645 1377 1699 posset
1400 1644 1502 1686 mali

169 1703 344 1746 Faceret
374 1703 420 1745 in
449 1718 529 1758 me,
559 1703 850 1746 inconciliaret
881 1703 1026 1758 copias
1057 1702 1194 1745 omnis
1223 1700 1371 1758 meas.)
1434 1713 1499 1745 551

167 1761 234 1804 ΡΙ.
260 1753 499 1816 inprobum
523 1761 664 1804 istunc
683 1763 774 1804 esse
799 1764 970 1817 oportet
988 1761 1215 1804 hominem.
1262 1760 1361 1803 MN.
1386 1760 1502 1815 (Et)

870 1835 949 1877 ego
980 1819 1042 1862 ita
1072 1833 1162 1861 esse
1193 1818 1389 1860 arbitror.

167 1877 234 1921 ΡΙ.
279 1868 462 1934 Opsecro
494 1878 652 1933 hercle,
682 1878 856 1933 loquere
891 1877 986 1933 quis
1016 1877 1053 1920 is
1083 1877 1175 1920 est?
1234 1876 1333 1920 MN.
1369 1875 1502 1918 Bene-

870 1936 1017 1978 uolens
1047 1935 1157 1978 uiul't
1187 1935 1287 1977 tibi:

263 2066 341 2098 535.
373 2062 448 2098 add
473 2061 529 2097 Ac
556 2062 561 2107 Ι
589 2061 719 2097 tollam
742 2063 755 2106 ΙΙ
780 2065 856 2097 536.
887 2062 943 2097 del
972 2061 1028 2097 Ac
1051 2062 1063 2106 ΙΙ
1087 2065 1166 2097 538.
1196 2068 1502 2097 AEGRITUDOAD-

167 2118 368 2144 UENIENTI
389 2111 394 2152 Ι
415 2117 652 2144 Acmon:
674 2119 861 2143 acerrume
879 2111 892 2153 n
910 2111 1094 2143 540—551
1114 2118 1170 2143 om
1187 2106 1224 2142 A
1242 2108 1254 2152 ΙΙ
1272 2110 1351 2142 541.
1376 2107 1499 2143 falsis:

166 2166 248 2191 corr
272 2155 364 2190 Pius
387 2157 399 2201 ΙΙ
424 2159 503 2190 542.
536 2154 712 2189 subuesta
737 2156 748 2198 ΙΙ
777 2159 855 2190 543.
882 2154 946 2199 qui
969 2166 1044 2190 non
1067 2153 1251 2188 inuideat:
1279 2164 1359 2190 corr
1383 2153 1466 2190 Scal

169 2205 247 2237 544.
273 2203 330 2237 del
348 2202 486 2237 Lachm
503 2203 515 2247 ΙΙ
533 2204 612 2238 546.
632 2202 704 2237 dist
729 2202 908 2237 Vahlenus
926 2203 937 2247 ΙΙ
957 2205 1035 2237 548.
1054 2200 1293 2235 frustrantur:
1319 2211 1398 2236 corr
1416 2201 1472 2236 Ac

167 2252 247 2284 550.
272 2248 341 2283 Ille
364 2249 418 2284 vel
441 2249 525 2293 Ipse
549 2249 561 2294 ΙΙ
586 2250 664 2283 551.
689 2247 946 2283 inconciliare:
972 2258 1051 2284 corr
1075 2247 1127 2282 Εἰ
1149 2247 1161 2291 ΙΙ
1186 2249 1265 2282 552.
1297 2248 1372 2283 add
1396 2247 1466 2293 Sey

167 2299 247 2330 553.
275 2294 501 2339 Obsequere:
527 2306 607 2331 corr
633 2294 684 2330 Ga
702 2295 713 2339 ΙΙ
