1560 2548
505 69 509 72 “
592 82 867 119 PRAEFATIO
1333 80 1421 115 xm

65 183 249 237 simam.
287 205 344 212 —
383 181 481 223 912.
517 178 578 234 Of.
611 179 835 234 Seyffertus
872 177 1135 222 ‘Jahresberf
1178 181 1202 219 t.
1236 176 1424 219 XLVII

59 256 104 297 p.
129 244 211 284 101
241 241 336 283 adn.
369 264 426 270 —
464 239 562 282 928.
593 238 742 281 Erras:
785 237 912 293 (uss)
948 252 1016 279 me
1054 236 1263 292 decipere:
1305 236 1421 277 halid

66 302 210 358 potest
235 298 469 355 Seyffertus,
490 323 547 328 —
567 299 665 340 966.
685 298 848 340 nullam
868 296 1088 351 (amanti)
1106 296 1259 338 1111111510
1280 295 1420 337 Prau-

67 361 157 404 sius
188 358 252 402 ‘de
277 361 432 401 ΠΡΙΝ
454 357 620 412 partie?
648 355 725 414 (ed.
751 356 852 399 Hal.
879 371 917 398 a.
937 354 1069 412 1876)
1094 358 1191 398 sent.
1218 360 1341 398 contr.
1363 379 1419 384 —

70 419 169 463 968.
205 417 294 461 LY.
331 417 422 472 <ET
453 416 576 472 DE.)
615 415 850 471 Seyffertus.
888 440 945 446 ——
986 415 1083 457 980.
1119 414 1180 468 Cf
1212 414 1265 457 E.
1297 414 1422 468 Hoff-

69 491 251 522 mannus
276 475 506 531 ‘Zeinmrtf
524 491 568 531 p.
595 478 688 518 195.
716 501 771 506 —
796 475 948 517 reduxi
973 474 1106 530 (uix)
1133 474 1307 516 domum
1331 474 1422 527 qui-

69 538 168 581 dam
200 536 358 590 ‘philob
389 535 512 579 Aue?
552 539 577 578 t.
612 534 710 578 VII
729 549 774 589 p.
800 538 863 577 11.
896 559 952 564 —
995 534 1080 576 982
1101 548 1191 589 sqq.
1224 532 1423 576 Persouis

69 597 130 640 sie
170 595 456 639 distribuimus
491 595 668 649 profecti
707 594 757 636 ab
799 594 968 636 iudiciis
1004 607 1108 647 quae
1143 596 1243 635 suut
1274 607 1309 635 v.
1337 594 1424 634 978

71 654 316 714 (oneremus
341 651 488 711 ambo)
519 658 559 697 et
586 657 672 696 988
703 651 867 710 (uobis)
876 667 890 695 :
925 666 1007 707 pro
1038 655 1224 706 corrupto
1254 666 1288 694 v.
1316 649 1423 694 9831'

71 715 195 759 talem
224 717 523 769 exspectem:
554 713 644 755 Ted
674 712 874 754 uoeiuom
906 726 996 754 esse
1026 712 1134 753 istae
1165 713 1303 753 aetate
1327 710 1424 752 ssffis

73 774 194 817 decet
235 773 289 815 ab
331 773 473 815 n6xiis
517 770 663 830 (neque
692 773 803 814 enim
840 774 943 814 reete
984 772 1032 813 iu
1073 771 1214 813 noxiis
1249 769 1424 824 plurali,

69 833 255 890 yeuerali
277 832 439 884 seilicet,
470 832 605 875 haesit
626 831 844 873 Abraham
870 830 984 873 Stud.
1012 830 1079 872 Pl.
1103 845 1148 884 p.
1175 833 1271 882 184,
1303 843 1425 883 quae-

73 894 172 937 dam
200 895 302 935 reete
331 905 500 934 mouens
526 890 650 947 [adde
673 890 881 933 Bachium
906 891 953 932 iu
972 888 1150 933 Studem.
1178 888 1292 932 stud.
1319 892 1344 931 t.
1372 887 1428 930 ΙΙ

65 966 111 1008 p.
136 949 274 1009 275J).
307 974 365 981 —
397 950 495 993 990.
528 950 674 1006 copiae
704 950 971 1003 reposuimus,
1011 952 1059 991 ut
1086 948 1236 991 Bacch.
1269 951 1359 991 422
1390 951 1429 990 et

77 1010 170 1055 Cas.
196 1013 279 1054 810
310 1007 380 1067 (ex
403 1008 465 1067 A)
473 1024 487 1052 .·
518 1011 627 1064 quod
655 1009 730 1051 etsi
753 1012 851 1051 suut
878 1009 951 1062 qui
974 1008 1258 1062 improbariut,
1290 1011 1427 1050 tamen

75 1071 224 1126 aptime
251 1070 415 1124 defendi
436 1073 639 1123 putamus
669 1068 817 1110 collata
841 1068 1037 1110 locutione
1068 1067 1227 1121 ‘operae
1251 1067 1323 1109 est'
1350 1064 1428 1123 (sie

75 1130 200 1174 etiam
218 1129 520 1182 Blomquistius
539 1129 587 1171 de
601 1131 728 1182 yenet.
748 1128 863 1181 apud
874 1126 941 1169 Pl.
962 1127 1019 1169 ed.
1034 1126 1240 1181 Helsinyf.
1261 1141 1298 1168 a.
1312 1128 1428 1168 1892

70 1203 113 1244 p.
138 1190 221 1232 165
232 1202 308 1243 sq„
338 1188 447 1230 huuc
471 1187 602 1230 locum
619 1184 859 1243 ueyleyeus).
886 1211 943 1216 —
971 1185 1086 1228 1005
1100 1201 1160 1240 sq.
1181 1186 1427 1240 Lysimacho

76 1249 175 1292 haec
204 1247 348 1290 tribuit
370 1246 614 1290 Ribbeekius
637 1261 681 1300 10·
708 1248 773 1288 18.
806 1271 862 1275 —-
897 1245 1023 1288 1006.
1050 1245 1202 1287 arbitri
1226 1244 1302 1286 ubi
1328 1246 1429 1286 sunia

78 1306 302 1363 Seyffertus
316 1305 578 1350 ‘Jahresberf
599 1309 623 1347 t.
645 1305 819 1347 XXXI
826 1319 869 1358 p.
884 1307 952 1347 92.
974 1330 1030 1334 —
1053 1304 1178 1346 1013.
1197 1303 1285 1346 LY.
1305 1303 1427 1346 Vide.

77 1366 169 1409 EV.
201 1365 298 1408 Mea
326 1365 411 1407 fide
443 1363 500 1422 (et
529 1363 606 1407 Sat
635 1364 792 1419 habeo,
832 1364 905 1405 sed
935 1378 1026 1406 eum
1057 1361 1298 1420 Ritsehelio)
1329 1363 1428 1405 Rib-

78 1425 239 1469 beekius
255 1439 300 1479 p.
313 1428 373 1468 29
391 1426 564 1478 itemque
584 1422 808 1479 Seyffertus
828 1423 978 1477 ‘philol¹
999 1423 1122 1466 Aue?
1138 1422 1273 1465 XIII
1276 1437 1320 1477 p.
1335 1423 1428 1464 533.

79 1510 136 1516 ——
170 1483 298 1527 1015.
327 1484 467 1540 legem
498 1497 647 1525 censeo
684 1482 833 1537 Guyeti
863 1496 946 1525 esse
981 1496 1031 1524 ex
1061 1483 1218 1525 maiore
1257 1483 1431 1525 editione

56 1545 164 1587 'nou
186 1547 321 1598 potest
347 1543 535 1597 intellegi.
558 1567 614 1572 —
636 1542 762 1584 1017.
795 1543 838 1584 Γ
863 1539 939 1599 (=
953 1540 1062 1599 LY.)
1092 1545 1186 1584 ante
1209 1540 1358 1583 Annos
1383 1542 1431 1583 iu

79 1603 125 1646 Β
152 1606 310 1646 exstare
340 1603 388 1644 iu
417 1603 574 1644 maiore
604 1602 777 1644 editione
807 1615 941 1644 errore
976 1615 1061 1643 uon
1090 1602 1332 1644 adnotatum
1362 1604 1429 1643 est.

199 1660 376 1704 MILES
421 1659 752 1703 GLORIOSVS.
835 1660 936 1715 Ary.
967 1659 990 1702 I
1027 1661 1066 1703 6.
1110 1660 1220 1702 eiam
1257 1658 1327 1702 B1.
1374 1685 1429 1690 —

80 1719 103 1763 Ι
135 1721 188 1763 11
204 1735 264 1776 sq.
304 1720 472 1775 quando
517 1720 694 1762 celsenjs
738 1718 878 1777 (dubio
921 1717 987 1777 ee)
1024 1719 1069 1762 Β
1109 1723 1204 1762 aute
1244 1733 1328 1762 ras.
1374 1744 1430 1748 —

80 1778 126 1823 H
154 1780 194 1822 4.
226 1778 460 1835 Deportate
491 1793 662 1835 pessum
692 1778 738 1821 Β
765 1782 859 1821 ante
888 1793 970 1821 ras.
1003 1804 1060 1809 -—
1090 1778 1135 1821 H
1168 1779 1204 1821 7.
1237 1793 1431 1834 epessum

81 1837 152 1882 B¹.
185 1864 241 1869 —
272 1837 316 1880 Π
344 1838 410 1881 15.
441 1838 620 1880 uabulat
649 1837 686 1881 G
706 1837 805 1880 etD
824 1842 918 1880 ante
942 1853 1043 1881 corr.
1076 1864 1132 1868 —
1164 1854 1199 1880 v.
1226 1838 1294 1880 36.
1322 1852 1431 1892 quoe

81 1896 152 1942 Bl.
194 1898 309 1954 quod
333 1897 404 1940 B2.
437 1923 493 1927 —
525 1897 594 1940 38.
620 1897 784 1939 stihum
808 1896 869 1939 Bl
894 1902 988 1940 aute
1011 1912 1094 1940 ras.
1122 1923 1177 1927 —
1204 1897 1273 1939 43.
1300 1895 1431 1951 sycho

81 1971 132 2001 ex
156 1957 334 2012 insycho
359 1958 406 2000 in
430 1957 475 1999 Β
496 1971 548 1999 m.
574 1971 649 1999 ree.
677 1954 779 2013 (uon
802 1954 892 2014 ΒΞ).
925 1982 981 1987 —
1013 1956 1082 1999 45.
1110 1971 1217 2012 quos
1248 1959 1297 1997 tu
1322 1956 1432 2010 <hoe

80 2016 166 2060 seii.
200 2017 370 2072 stadio>
408 2016 601 2058 occidisti
643 2030 730 2058 uno
774 2015 841 2058 die
878 2015 1111 2059 Schoellius.
1151 2041 1206 2046 —
1247 2015 1315 2057 50.
1348 2015 1433 2057 ’cale

47 2078 49 2081 ’
82 2077 207 2119 etiam
230 2074 291 2118 Bl
316 2074 421 2133 (tale
439 2074 531 2132 ΒΞ).
553 2101 608 2105 -
629 2074 697 2117 57.
717 2074 891 2118 Virtute
916 2077 1040 2118 etiam
1058 2074 1128 2117 Bl.
1157 2101 1211 2105 -—
1238 2075 1307 2116 59.
1334 2074 1434 2125 Qui-

83 2137 194 2177 stam
217 2134 270 2178 Β.
302 2160 359 2165 —
391 2136 458 2177 62.
485 2135 597 2176 inuit
622 2133 785 2177 B1CD.
818 2160 874 2165 —
906 2136 974 2178 66.
1007 2149 1088 2190 que
1120 2150 1187 2176 me
1220 2134 1343 2176 ambe
1374 2132 1434 2176 B¹

83 2192 186 2251 (que
212 2209 280 2236 me
306 2194 431 2249 ambe
456 2192 547 2251 B2).
580 2219 637 2223 —
671 2194 736 2236 77.
762 2193 872 2251 Regi
903 2195 1149 2237 admisimus
1181 2208 1230 2236 ex
1259 2207 1342 2236 uuo
1366 2192 1433 2235 D.-

82 2254 191 2307 quod
211 2268 352 2296 verum
376 2267 459 2297 esse
482 2253 684 2296 sententia
705 2255 936 2307 persuadet.
991 2254 1252 2306 Quamquam
1277 2253 1437 2295 dubitat

84 2310 317 2366 Seff‘brtus,
349 2313 395 2354 in
424 2312 538 2354 hune
571 2313 683 2354 diem
705 2326 787 2366 pro
816 2312 931 2355 hune
963 2313 1075 2354 diem
1106 2315 1349 2366 exspectaus.
1379 2337 1434 2342 -
