1560 2548
168 95 221 132 IV
705 94 978 131 PRAEFATIO

166 202 447 244 mirabuntur.
508 201 600 252 Qua
631 201 932 257 depravatione
970 216 1067 244 cum
1103 201 1216 243 inter
1245 201 1329 244 alia
1363 201 1507 245 hiatus

166 260 400 303 foedissimi
440 263 483 303 et
523 260 770 302 alienissimi
807 260 862 302 ab
899 262 990 302 arte
1026 259 1226 302 Plautina
1261 259 1376 302 haud
1409 275 1506 303 raro

168 319 252 362 orti
277 319 375 374 sint,
400 319 607 361 eiusmodi
630 318 784 361 locos
773 333 819 360 1n
841 318 922 361 hac
941 318 1125 361 editione
1151 318 1402 374 plerumque
1429 333 1508 374 per

166 377 368 420 lineolam
394 377 399 431 Ι
428 377 760 443 designavimus:
790 391 879 419 non
909 377 1023 432 quod
1045 376 1288 419 tolerandos
1313 391 1403 419 esse
1432 392 1508 433 pu-

166 438 324 491 temus,
361 436 435 478 sed
465 436 564 491 quia
594 436 640 477 in
671 435 912 490 corruptela
942 437 1057 477 certa
1086 438 1130 477 et
1161 434 1347 490 simplici
1377 435 1507 478 dubia

167 494 366 560 variaque
392 508 518 548 saepe
545 493 782 536 emendatio
808 493 1001 535 adhiberi
1026 496 1181 548 potest.
1223 493 1379 536 Hiatus
1402 493 1506 550 legi-

167 552 314 608 timos,
350 552 547 607 inprimis
580 552 626 594 in
656 552 864 594 dihaeresi
893 551 1096 594 trochaici
1127 552 1358 607 septenarii
1389 554 1432 594 et
1461 552 1507 594 in

168 625 411 653 sermonum
435 611 678 653 interstitiis
709 611 798 653 sine
822 610 979 652 lineola
1001 610 1260 665 reliquimus.
1314 609 1507 652 Lacunas

168 672 242 711 aut
273 669 455 711 stellulis
486 684 539 710 ac*
575 672 648 711 aut
685 684 900 711 morarum
937 668 1222 710 deficientium
1254 668 1370 711 notis
1401 669 1507 711 indi—

169 727 366 769 cavimus.
425 726 549 770 Alius
580 728 747 784 generis
777 727 928 769 menda
965 726 1159 784 graviora
1189 741 1311 770 cruce
1336 738 1353 767 †
1381 727 1506 769 dona-

169 785 322 841 vimus,
345 785 430 828 nisi
455 786 569 841 quod
592 786 761 841 saepius
784 786 944 827 intacta
968 785 1252 841 exhibuimus,
1277 799 1385 840 quae
1410 800 1507 828 cum

175 844 318 899 aliqua
347 844 512 887 ratione
543 845 711 887 defendi
741 844 924 899 possint,
959 846 1104 885 tamen
1137 858 1225 886 non
1252 843 1390 886 libera
1420 844 1506 886 sint

172 918 197 944 a
234 903 486 958 suspicione.
545 903 595 945 Id
630 903 676 945 in
711 905 944 945 metrorum
983 916 1151 957 quoque
1187 902 1508 957 discriptionem

169 961 293 1015 cadit,
319 976 446 1016 quam
463 975 580 1003 more
599 961 809 1003 tralaticio
836 975 889 1003 ex
906 960 1074 1003 Bentlei
1093 960 1346 1002 auctoritate
1364 974 1507 1003 accen-

168 1019 288 1061 tibus
319 1020 679 1062 adumbravimus:
710 1019 786 1061 ubi
816 1019 930 1061 haud
954 1033 1089 1074 pauca
1113 1033 1165 1060 ex
1188 1018 1399 1061 librorum
1422 1033 1506 1061 me-

169 1078 304 1120 moria
334 1078 506 1120 interim
535 1078 798 1133 admisimus,
830 1078 880 1119 de
912 1092 1093 1132 quorum
1116 1076 1358 1120 sinceritate
1384 1077 1506 1119 valde

171 1136 426 1178 dubitemus.
487 1136 751 1202 Quamquam
788 1136 833 1178 in
862 1136 967 1178 locis
1004 1138 1182 1191 propter
1212 1135 1508 1178 difficultatem

169 1195 389 1237 metricam
413 1195 654 1237 criticamve
684 1194 811 1237 nimis
835 1194 1008 1236 incertis
1033 1196 1229 1236 accentus
1253 1194 1380 1248 plane
1405 1194 1507 1236 omi-

170 1254 302 1295 simus
326 1252 396 1310 (cf.
423 1253 476 1295 ad
492 1253 644 1295 Bacch.
665 1251 782 1309 617)
792 1252 824 1309 l)
866 1253 1091 1295 Praeterea
1115 1252 1285 1318 saepius
1309 1252 1354 1294 in
1378 1252 1507 1294 lenio-

170 1312 290 1354 ribus
303 1311 639 1354 correctionibus
652 1311 951 1366 acquievimus,
969 1311 1046 1353 ubi
1059 1311 1229 1367 gravius
1242 1310 1362 1353 ulcus
1374 1311 1507 1353 latere

171 1369 445 1424 suspicamur.
506 1370 620 1436 Quae
657 1370 833 1412 delenda
866 1384 956 1412 esse
992 1369 1216 1411 videantur
1251 1369 1371 1411 uncis
1408 1383 1507 1424 qua·

171 1428 302 1469 dratis
333 1428 379 1483 []
411 1428 632 1494 cinximus,
662 1428 736 1470 sed
765 1427 884 1470 uncis
914 1427 1107 1469 rotundis
1138 1425 1188 1484 ()
1224 1441 1331 1482 quae
1362 1427 1416 1468 ad
1444 1441 1508 1468 re-

170 1486 468 1528 tractationem
493 1486 726 1528 scaenicam
750 1486 885 1528 redire
910 1485 1059 1540 potius
1079 1484 1330 1527 iudicemus:
1354 1485 1399 1527 in
1423 1499 1508 1540 qua

170 1544 265 1599 ipsa
294 1544 532 1600 indaganda
566 1559 654 1586 non
688 1544 771 1586 nisi
803 1544 981 1586 certiora
1011 1543 1167 1585 indicia
1196 1543 1407 1598 respicere
1436 1558 1505 1585 vo-

170 1602 345 1657 luimus,
383 1602 575 1657 quamvis
607 1603 776 1657 saepius
806 1602 935 1644 latius
965 1604 1112 1668 patere
1147 1601 1257 1643 hanc
1282 1616 1378 1643 rem
1412 1616 1509 1644 con—

171 1661 378 1704 cedamus.
410 1660 524 1711 Quae
537 1661 824 1703 additamenta
837 1660 1074 1715 recepimus
1093 1659 1370 1716 angularibus
1388 1660 1510 1702 uncis

171 1719 199 1773 <
213 1720 241 1774 >
273 1719 644 1762 circumclusimus.
694 1718 872 1774 Saepius
902 1719 1063 1761 factum
1093 1721 1176 1774 est,
1212 1720 1260 1760 ut
1289 1718 1358 1760 his
1387 1718 1508 1760 uncis

173 1791 451 1832 personarum
474 1781 599 1820 notas
624 1778 889 1834 cingeremus
913 1791 1020 1832 quae
1046 1777 1250 1819 omittunt
1263 1776 1418 1819 BloD
1439 1776 1509 1818 vel

171 1835 334 1887 BlVE,
371 1835 488 1877 addit
517 1835 589 1888 ΒΞ,
620 1836 747 1891 idque
778 1836 1029 1890 plerumque
1059 1835 1106 1876 in
1134 1834 1269 1877 initiis
1297 1848 1508 1889 versuum,

171 1894 217 1936 in
251 1894 402 1936 mediis
437 1894 649 1947 versibus,
687 1895 723 1936 si
760 1894 899 1949 spatia
936 1893 982 1935 in
1016 1893 1141 1935 libris
1177 1892 1332 1935 omissa
1369 1895 1508 1934 erant:

173 1952 288 2007 quod
318 1952 541 1994 brevitatis
573 1967 698 1995 causa
727 1953 905 1995 fecimus
935 1966 1023 1994 non
1051 1954 1257 2007 negantes
1287 1950 1384 1993 illas
1414 1965 1508 2005 per-

171 2025 297 2057 sonas
334 2025 386 2052 ex
423 2011 656 2065 exemplari
693 2025 776 2066 quo
813 2026 914 2053 usus
951 2013 1015 2052 est
1053 2010 1126 2065 qui
1162 2008 1323 2050 addidit
1360 2009 1509 2051 ductas

173 2083 264 2111 esse
301 2084 439 2124 posse.
498 2069 723 2111 Praeterea
759 2069 796 2111 si
833 2069 886 2110 ad
922 2069 1053 2110 verba
1089 2067 1231 2109 addita
1265 2067 1334 2108 vel
1371 2067 1509 2109 deleta

171 2127 280 2169 nihil
304 2128 551 2170 adnotatum
575 2128 686 2169 infra
710 2127 900 2169 invenies
924 2127 1111 2181 itemque
1135 2125 1172 2168 si
1192 2125 1404 2167 librorum
1428 2125 1509 2168 dis-

269 2269 301 2311 1)
335 2265 581 2318 Conspectum
613 2267 815 2300 metrorum
850 2264 1061 2309 generalem
1095 2263 1163 2299 sub
1192 2263 1303 2299 finem
1334 2263 1508 2300 editionis

173 2312 396 2357 subiungere
420 2314 461 2348 in
486 2312 608 2348 animo
634 2313 702 2348 est.
