1560 2548
163 115 264 150 XXII
545 115 841 151 TESTIMONIA
864 114 1097 150 VETERVM

162 237 268 276 quos
316 225 413 263 ante
462 222 551 264 dixi
600 237 702 264 coss.
752 225 944 264 mortuus
994 224 1057 264 est
1107 221 1264 264 Catone
1319 235 1490 264 censore

164 280 218 335 [a.
249 283 333 322 570
362 295 400 322 u.
432 281 493 336 0.].
558 280 619 335 Cf.
650 279 780 323 XXII.

277 338 417 381 XXXI
445 339 618 381 AELIVS
650 339 936 381 SPARTIANVS
968 340 1016 381 de
1044 340 1129 381 vita
1154 338 1296 381 Seueri
1320 338 1446 381 XXI
1460 341 1492 380 2

163 396 267 454 (Sor.
286 398 375 439 hist.
394 398 500 452 Auy.
527 397 576 439 12
592 412 636 451 p.
656 399 735 439 151
761 396 888 454 Pet.).·
918 397 1131 439 neminem
1155 411 1289 452 prope
1319 411 1491 453 magno-

162 471 258 498 rum
302 456 491 498 uirorum
539 457 750 510 optimum
799 459 841 497 et
890 456 1039 497 utilem
1086 455 1223 497 filium
1269 455 1491 510 reliquisse

164 514 267 556 satis
303 515 489 556 claret..
512 517 611 556 ..et
648 517 696 556 ut
733 515 945 556 ordiamur
982 529 1006 555 a
1041 514 1241 556 Romulo:
1277 514 1348 556 hic
1382 513 1492 555 nihil

162 572 394 615 liberorum
418 573 592 627 reliquit
613 607 620 614 .
640 607 648 615 .
671 607 678 614 .
701 608 707 614 .
727 573 811 614 iam
842 587 943 614 uero
975 572 1077 627 quid
1108 572 1157 614 de
1182 572 1381 626 Homero,
1410 571 1491 614 De-

162 631 394 687 mosthene,
425 631 628 687 Vergilio‚
660 631 809 686 Crispo
839 634 882 673 et
906 631 1116 686 Terentio,
1147 631 1300 673 Plauto
1325 631 1491 673 ceteris-

165 704 245 744 que
276 690 370 731 aliis
399 690 577 744 loquar?

485 838 558 871 DE
590 837 832 872 FABVLIS
862 836 1170 872 PLAV'I'INIS

280 923 439 965 XXXII
470 923 670 965 GELLIVS
703 923 756 965 N.
787 923 840 964 A.
873 923 960 965 III
982 926 1020 974 3,
1045 927 1187 976 Isqq..
1223 937 1372 964 uerum
1402 937 1492 964 esse

166 982 401 1036 comperior
438 982 551 1036 quod
587 982 791 1036 quosdam
828 981 935 1022 bene
966 981 1179 1023 litteratos
1209 981 1402 1022 homines
1434 981 1492 1022 di-

166 1055 257 1082 cere
298 1040 459 1095 audiui,
500 1040 572 1094 qui
612 1040 834 1094 plerasque
871 1039 1014 1081 Plauti
1054 1039 1290 1081 comoedias
1330 1039 1492 1081 curiose

166 1102 293 1153 atque
336 1101 532 1140 contente
575 1098 840 1153 lectitarunt‚
882 1113 969 1139 non
1010 1097 1221 1140 indicibus
1261 1097 1375 1139 Aelii
1415 1112 1493 1139 nec

167 1157 346 1213 Sedigiti
376 1172 453 1198 nec
485 1156 647 1198 Claudii
676 1171 753 1198 nec
778 1156 942 1198 Aurelii
971 1171 1049 1198 1100
1073 1156 1193 1198 Αο011
1221 1170 1299 1197 1100
1328 1156 1493 1197 Manilii

167 1230 294 1270 super
322 1215 390 1256 1115
420 1215 578 1256 fabulis
609 1229 715 1269 quae
747 1215 945 1256 dicuntur
974 1215 1199 1270 ambiguae
1224 1214 1492 1269 crediturum,

167 1274 240 1316 sed
263 1274 346 1328 ipsi
371 1274 524 1315 Plauto
555 1273 828 1327 moribusque
854 1273 1015 1329 ingenii
1039 1275 1166 1327 atque
1195 1273 1367 1329 linguae
1392 1273 1493 1314 eius.

165 1333 245 1374 hac
276 1333 389 1374 enim
418 1332 563 1373 iudicii
593 1346 740 1373 norma
764 1331 998 1373 Varronem
1030 1346 1197 1385 quoque
1227 1345 1350 1372 usum
1381 1331 1493 1373 uide—

166 1406 271 1432 mus.
331 1406 429 1431 nam
460 1393 628 1444 praeter
658 1390 754 1431 11135
785 1405 912 1430 11113111
943 1392 986 1430 et
1015 1389 1172 1445 uiginti
1204 1404 1310 1444 quae
1340 1388 1493 1431 Varro-

166 1450 315 1491 nianae
365 1451 589 1503 uocantur,
639 1463 742 1502 quas
784 1448 938 1489 idcirco
981 1462 1005 1488 a
1047 1447 1198 1488 ceteris
1241 1448 1494 1503 segregauit,

168 1507 365 1562 quoniam
406 1507 606 1548 dubiosae
645 1521 731 1547 non
770 1509 906 1561 erant,
946 1506 1019 1547 sed
1059 1520 1264 1547 consensu
1305 1506 1494 1558 omnium

166 1566 308 1607 Plauti
339 1580 428 1607 esse
460 1565 756 1619 censebantur,
792 1564 992 1618 quasdam
1022 1564 1127 1605 item
1157 1564 1261 1606 alias
1290 1556 1494 1619 probauit

166 1624 371 1665 adductus
394 1624 467 1665 filo
493 1626 619 1677 atque
644 1623 796 1664 facetia
821 1622 1026 1664 sermonis
1043 1622 1196 1664 Plauto
1221 1623 1494 1679 congruentis

167 1697 319 1736 easque
350 1682 434 1723 iam
458 1681 703 1723 nominibus
729 1681 907 1722 aliorum
932 1683 1159 1735 occupatas
1182 1680 1335 1723 Plauto
1361 1682 1493 1723 uindi-

167 1741 296 1796 cauit‚
337 1740 460 1782 sicuti
499 1740 641 1793 istam,
682 1754 807 1794 quam
842 1739 1083 1793 nuperrime
1119 1739 1384 1795 legebamus,
1426 1740 1493 1781 cui

167 1802 232 1841 est
266 1813 421 1840 nomen
450 1798 637 1840 Boeotia.
697 1813 795 1838 nam
832 1812 927 1838 cum
958 1798 1003 1838 in
1035 1797 1120 1839 illis
1151 1813 1235 1839 una
1265 1800 1307 1839 et
1337 1798 1493 1854 uiginti

165 1872 252 1900 non
277 1858 333 1899 sit
358 1860 400 1898 et
426 1871 514 1898 esse
538 1855 686 1911 Aquili
711 1856 884 1909 dicatur,
914 1856 1022 1897 nihil
1047 1859 1190 1897 tamen
1212 1855 1348 1899 Varro
1374 1856 1493 1898 dubi—

167 1916 276 1959 tauit
307 1915 409 1970 quin
437 1915 579 1956 Plauti
609 1915 720 1956 foret
741 1948 748 1954 .
770 1949 776 1955 .
799 1949 835 1955 ..
872 1914 1108 1956 Fauorinus
1139 1929 1306 1969 quoque
1336 1918 1493 1969 noster,

166 1990 262 2016 011111
298 1973 592 2016 Neruulariam
622 1973 762 2014 Plauti
799 1973 984 2028 legerem
1023 1987 1128 2027 quae
1164 1973 1276 2014 inter
1311 1973 1493 2014 incertas

165 2033 314 2074 habita
351 2035 431 2087 est,
472 2065 481 2073 .
502 2066 509 2073 .
531 2066 538 2072 .
560 2065 567 2072 .
589 2031 678 2072 euel
709 2046 816 2072 unus
847 2030 1008 2072 hercle'
1045 2031 1184 2085 inquit
1223 2031 1311 2072 ‘hic
1347 2046 1494 2073 uersus

165 2091 307 2133 Plauti
349 2105 439 2132 esse
479 2090 586 2131 hanc
626 2089 815 2130 fabulam
856 2089 958 2130 satis
997 2092 1141 2144 potest
1178 2089 1276 2130 fidei
1315 2089 1493 2131 fecisse’.

165 2164 242 2191 nos
274 2164 441 2203 quoque
473 2148 556 2202 ipsi
586 2148 829 2201 nuperrime
858 2162 953 2188 cum
977 2148 1214 2203 legeremus
1237 2147 1411 2189 Fretum
1437 2173 1491 2177 ——

166 2222 320 2249 nomen
345 2210 408 2248 est
434 2207 477 2248 id
507 2206 745 2248 comoediae
771 2221 897 2260 quam
923 2206 1064 2247 Plauti
1095 2220 1184 2247 esse
1210 2205 1380 2260 quidam
1406 2220 1493 2247 11011

166 2268 320 2320 putant
345 2292 402 2296 —
429 2266 534 2307 haut
565 2264 789 2319 quicquam
821 2264 1108 2305 dubitauimus
1141 2263 1242 2318 quin
1273 2278 1321 2304 ea
1349 2263 1491 2305 Plauti

165 2325 275 2366 foret
295 2327 338 2365 et
358 2324 547 2365 omnium
565 2323 734 2378 quidem
753 2322 934 2364 maxime
954 2323 1136 2378 genuina
1157 2356 1165 2364 .
1186 2357 1193 2363 .
1215 2356 1222 2363 .
1244 2356 1251 2363 .
1275 2322 1331 2363 M.
1350 2324 1492 2364 tamen
