<?xml version="1.0" encoding="UTF-8"?>
<!DOCTYPE html PUBLIC "-//W3C//DTD XHTML 1.0 Transitional//EN"
    "http://www.w3.org/TR/xhtml1/DTD/xhtml1-transitional.dtd">
<html xmlns="http://www.w3.org/1999/xhtml" xml:lang="en" lang="en">
 <head>
  <title>
</title>
<meta http-equiv="Content-Type" content="text/html;charset=utf-8" />
  <meta name='ocr-system' content='tesseract 3.04.00' />
  <meta name='ocr-capabilities' content='ocr_page ocr_carea ocr_par ocr_line ocrx_word'/>
</head>
<body>
  <div class='ocr_page' id='page_1' title='image "./comoediae01plauuoft_0598.png"; bbox 0 0 1560 2548; ppageno 0'>
   <div class='ocr_carea' id='block_1_1' title="bbox 487 579 1212 630">
    <p class='ocr_par' dir='ltr' id='par_1_1' title="bbox 487 579 1212 630">
     <span class='ocr_line' id='line_1_1' title="bbox 487 579 1212 630; baseline 0.001 -1"><span class='ocrx_word' id='word_1_1' title='bbox 487 579 850 630; x_wconf 76' lang='lat' dir='ltr'><strong>ARGVME</strong></span> <span class='ocrx_word' id='word_1_2' title='bbox 863 580 1111 630; x_wconf 84' lang='lat' dir='ltr'><strong>NTVM</strong></span> <span class='ocrx_word' id='word_1_3' title='bbox 1151 580 1212 630; x_wconf 89' lang='grc' dir='ltr'>ΙΙ</span> 
     </span>
    </p>
   </div>
   <div class='ocr_carea' id='block_1_2' title="bbox 236 787 1510 1722">
    <p class='ocr_par' dir='ltr' id='par_1_2' title="bbox 237 787 1222 844">
     <span class='ocr_line' id='line_1_2' title="bbox 237 787 1222 844; baseline 0 -13"><span class='ocrx_word' id='word_1_4' title='bbox 237 789 475 831; x_wconf 75' lang='lat' dir='ltr'>Mercatum</span> <span class='ocrx_word' id='word_1_5' title='bbox 506 791 672 830; x_wconf 84' lang='lat' dir='ltr'>asotum</span> <span class='ocrx_word' id='word_1_6' title='bbox 702 788 843 829; x_wconf 81' lang='lat' dir='ltr'>fflium</span> <span class='ocrx_word' id='word_1_7' title='bbox 875 787 1063 830; x_wconf 81' lang='lat' dir='ltr'>extrudit</span> <span class='ocrx_word' id='word_1_8' title='bbox 1091 791 1222 844; x_wconf 88' lang='lat' dir='ltr'>pater.</span> 
     </span>
    </p>

    <p class='ocr_par' dir='ltr' id='par_1_3' title="bbox 238 847 1325 961">
     <span class='ocr_line' id='line_1_3' title="bbox 238 847 1325 905; baseline 0 -15"><span class='ocrx_word' id='word_1_9' title='bbox 238 847 281 890; x_wconf 90' lang='lat' dir='ltr'>Is</span> <span class='ocrx_word' id='word_1_10' title='bbox 310 849 486 904; x_wconf 77' lang='lat' dir='ltr'>peregre</span> <span class='ocrx_word' id='word_1_11' title='bbox 516 847 669 889; x_wconf 88' lang='lat' dir='ltr'>missus</span> <span class='ocrx_word' id='word_1_12' title='bbox 699 847 870 888; x_wconf 80' lang='lat' dir='ltr'>redimit</span> <span class='ocrx_word' id='word_1_13' title='bbox 901 847 1097 888; x_wconf 81' lang='lat' dir='ltr'>ancillam</span> <span class='ocrx_word' id='word_1_14' title='bbox 1126 847 1325 905; x_wconf 76' lang='lat' dir='ltr'>h6spitis‚</span> 
     </span>
     <span class='ocr_line' id='line_1_4' title="bbox 238 905 1191 961; baseline 0 -13"><span class='ocrx_word' id='word_1_15' title='bbox 238 906 397 948; x_wconf 78' lang='lat' dir='ltr'>Amore</span> <span class='ocrx_word' id='word_1_16' title='bbox 428 908 586 961; x_wconf 89' lang='lat' dir='ltr'>captus.</span> <span class='ocrx_word' id='word_1_17' title='bbox 647 907 719 946; x_wconf 66' lang='lat' dir='ltr'>‘sut</span> <span class='ocrx_word' id='word_1_18' title='bbox 748 905 885 960; x_wconf 80' lang='lat' dir='ltr'>uehit,</span> <span class='ocrx_word' id='word_1_19' title='bbox 914 920 1023 947; x_wconf 88' lang='lat' dir='ltr'>naue</span> <span class='ocrx_word' id='word_1_20' title='bbox 1054 906 1191 948; x_wconf 76' lang='lat' dir='ltr'>exilit:</span> 
     </span>
    </p>

    <p class='ocr_par' dir='ltr' id='par_1_4' title="bbox 237 964 1204 1019">
     <span class='ocr_line' id='line_1_5' title="bbox 237 964 1204 1019; baseline -0.001 -12"><span class='ocrx_word' id='word_1_21' title='bbox 237 965 366 1007; x_wconf 85' lang='lat' dir='ltr'>Pater</span> <span class='ocrx_word' id='word_1_22' title='bbox 396 965 584 1019; x_wconf 76' lang='lat' dir='ltr'>aduolat,</span> <span class='ocrx_word' id='word_1_23' title='bbox 615 964 773 1005; x_wconf 86' lang='lat' dir='ltr'>†uisam</span> <span class='ocrx_word' id='word_1_24' title='bbox 806 964 1000 1005; x_wconf 81' lang='lat' dir='ltr'>ancillam</span> <span class='ocrx_word' id='word_1_25' title='bbox 1033 964 1204 1019; x_wconf 78' lang='lat' dir='ltr'>deperit.</span> 
     </span>
    </p>

    <p class='ocr_par' dir='ltr' id='par_1_5' title="bbox 238 1022 1510 1136">
     <span class='ocr_line' id='line_1_6' title="bbox 238 1022 1510 1078; baseline 0.001 -13"><span class='ocrx_word' id='word_1_26' title='bbox 238 1022 400 1074; x_wconf 78' lang='lat' dir='ltr'>Quoius</span> <span class='ocrx_word' id='word_1_27' title='bbox 431 1024 487 1065; x_wconf 88' lang='lat' dir='ltr'>sit</span> <span class='ocrx_word' id='word_1_28' title='bbox 515 1024 805 1078; x_wconf 76' lang='lat' dir='ltr'>percontatur:</span> <span class='ocrx_word' id='word_1_29' title='bbox 836 1037 980 1065; x_wconf 85' lang='lat' dir='ltr'>seruos</span> <span class='ocrx_word' id='word_1_30' title='bbox 1009 1023 1281 1078; x_wconf 80' lang='lat' dir='ltr'>pedisequam</span> <span class='ocrx_word' id='word_1_31' title='bbox 1491 1036 1510 1066; x_wconf 88' lang='lat'>5</span> 
     </span>
     <span class='ocr_line' id='line_1_7' title="bbox 238 1081 1173 1136; baseline -0.001 -12"><span class='ocrx_word' id='word_1_32' title='bbox 238 1081 331 1124; x_wconf 87' lang='lat' dir='ltr'>†Ab</span> <span class='ocrx_word' id='word_1_33' title='bbox 363 1082 626 1124; x_wconf 72' lang='lat' dir='ltr'>adulescente</span> <span class='ocrx_word' id='word_1_34' title='bbox 656 1082 783 1122; x_wconf 87' lang='lat' dir='ltr'>matri</span> <span class='ocrx_word' id='word_1_35' title='bbox 814 1084 999 1136; x_wconf 89' lang='lat' dir='ltr'>emptam</span> <span class='ocrx_word' id='word_1_36' title='bbox 1027 1081 1173 1136; x_wconf 75' lang='lat' dir='ltr'>ipsius.</span> 
     </span>
    </p>

    <p class='ocr_par' dir='ltr' id='par_1_6' title="bbox 240 1139 1148 1195">
     <span class='ocr_line' id='line_1_8' title="bbox 240 1139 1148 1195; baseline -0.002 -12"><span class='ocrx_word' id='word_1_37' title='bbox 240 1141 377 1183; x_wconf 75' lang='lat' dir='ltr'>Senex</span> <span class='ocrx_word' id='word_1_38' title='bbox 407 1141 487 1182; x_wconf 88' lang='lat' dir='ltr'>sibi</span> <span class='ocrx_word' id='word_1_39' title='bbox 519 1139 797 1195; x_wconf 74' lang='lat' dir='ltr'>prospiciens,</span> <span class='ocrx_word' id='word_1_40' title='bbox 827 1142 876 1181; x_wconf 91' lang='lat' dir='ltr'>ut</span> <span class='ocrx_word' id='word_1_41' title='bbox 906 1140 1042 1181; x_wconf 74' lang='lat' dir='ltr'>amico</span> <span class='ocrx_word' id='word_1_42' title='bbox 1072 1155 1148 1182; x_wconf 87' lang='lat' dir='ltr'>suo</span> 
     </span>
    </p>

    <p class='ocr_par' dir='ltr' id='par_1_7' title="bbox 238 1198 1178 1255">
     <span class='ocr_line' id='line_1_9' title="bbox 238 1198 1178 1255; baseline 0.001 -14"><span class='ocrx_word' id='word_1_43' title='bbox 238 1199 433 1255; x_wconf 77' lang='lat' dir='ltr'>Veniret,</span> <span class='ocrx_word' id='word_1_44' title='bbox 464 1202 612 1240; x_wconf 88' lang='lat' dir='ltr'>natum</span> <span class='ocrx_word' id='word_1_45' title='bbox 643 1198 808 1240; x_wconf 75' lang='lat' dir='ltr'>orabat:</span> <span class='ocrx_word' id='word_1_46' title='bbox 838 1201 981 1254; x_wconf 83' lang='lat' dir='ltr'>natus,</span> <span class='ocrx_word' id='word_1_47' title='bbox 1010 1201 1060 1240; x_wconf 76' lang='lat' dir='ltr'>ut</span> <span class='ocrx_word' id='word_1_48' title='bbox 1089 1213 1178 1242; x_wconf 87' lang='lat' dir='ltr'>suo.</span> 
     </span>
    </p>

    <p class='ocr_par' dir='ltr' id='par_1_8' title="bbox 238 1257 1095 1312">
     <span class='ocr_line' id='line_1_10' title="bbox 238 1257 1095 1312; baseline -0.002 -12"><span class='ocrx_word' id='word_1_49' title='bbox 238 1258 321 1300; x_wconf 90' lang='lat' dir='ltr'>Hic</span> <span class='ocrx_word' id='word_1_50' title='bbox 351 1258 493 1299; x_wconf 80' lang='lat' dir='ltr'>fssium</span> <span class='ocrx_word' id='word_1_51' title='bbox 522 1257 766 1299; x_wconf 68' lang='lat' dir='ltr'>subdiderat</span> <span class='ocrx_word' id='word_1_52' title='bbox 795 1257 944 1312; x_wconf 76' lang='lat' dir='ltr'>uicini,</span> <span class='ocrx_word' id='word_1_53' title='bbox 973 1259 1095 1312; x_wconf 90' lang='lat' dir='ltr'>pater</span> 
     </span>
    </p>

    <p class='ocr_par' dir='ltr' id='par_1_9' title="bbox 237 1316 1510 1429">
     <span class='ocr_line' id='line_1_11' title="bbox 237 1316 1510 1371; baseline 0 -13"><span class='ocrx_word' id='word_1_54' title='bbox 237 1316 449 1358; x_wconf 79' lang='lat' dir='ltr'>Vicinum.</span> <span class='ocrx_word' id='word_1_55' title='bbox 509 1316 821 1371; x_wconf 76' lang='lat' dir='ltr'>praemercatur</span> <span class='ocrx_word' id='word_1_56' title='bbox 852 1316 1048 1357; x_wconf 73' lang='lat' dir='ltr'>ancillam</span> <span class='ocrx_word' id='word_1_57' title='bbox 1078 1330 1216 1358; x_wconf 81' lang='lat' dir='ltr'>senex.</span> <span class='ocrx_word' id='word_1_58' title='bbox 1466 1327 1510 1358; x_wconf 91' lang='lat'>10</span> 
     </span>
     <span class='ocr_line' id='line_1_12' title="bbox 237 1373 1183 1429; baseline -0.003 -11"><span class='ocrx_word' id='word_1_59' title='bbox 237 1375 347 1419; x_wconf 59' lang='lat' dir='ltr'>Eam</span> <span class='ocrx_word' id='word_1_60' title='bbox 378 1375 491 1417; x_wconf 88' lang='lat' dir='ltr'>domi</span> <span class='ocrx_word' id='word_1_61' title='bbox 523 1374 822 1429; x_wconf 79' lang='lat' dir='ltr'>deprehensam</span> <span class='ocrx_word' id='word_1_62' title='bbox 853 1374 1037 1415; x_wconf 82' lang='lat' dir='ltr'>coniunx</span> <span class='ocrx_word' id='word_1_63' title='bbox 1066 1373 1183 1415; x_wconf 78' lang='lat' dir='ltr'>illius</span> 
     </span>
    </p>

    <p class='ocr_par' dir='ltr' id='par_1_10' title="bbox 236 1432 1258 1488">
     <span class='ocr_line' id='line_1_13' title="bbox 236 1432 1258 1488; baseline -0.003 -12"><span class='ocrx_word' id='word_1_64' title='bbox 236 1433 381 1476; x_wconf 81' lang='lat' dir='ltr'>Vicini</span> <span class='ocrx_word' id='word_1_65' title='bbox 411 1436 598 1476; x_wconf 85' lang='lat' dir='ltr'>scortum</span> <span class='ocrx_word' id='word_1_66' title='bbox 627 1432 862 1488; x_wconf 76' lang='lat' dir='ltr'>insimulat,</span> <span class='ocrx_word' id='word_1_67' title='bbox 892 1433 1077 1487; x_wconf 74' lang='lat' dir='ltr'>protelat</span> <span class='ocrx_word' id='word_1_68' title='bbox 1106 1432 1258 1473; x_wconf 90' lang='lat' dir='ltr'>uirum.</span> 
     </span>
    </p>

    <p class='ocr_par' dir='ltr' id='par_1_11' title="bbox 236 1490 1260 1604">
     <span class='ocr_line' id='line_1_14' title="bbox 237 1490 1260 1547; baseline -0.002 -13"><span class='ocrx_word' id='word_1_69' title='bbox 237 1492 449 1534; x_wconf 76' lang='lat' dir='ltr'>Mercator</span> <span class='ocrx_word' id='word_1_70' title='bbox 479 1491 688 1547; x_wconf 88' lang='lat' dir='ltr'>exspe[r]s</span> <span class='ocrx_word' id='word_1_71' title='bbox 717 1491 855 1546; x_wconf 73' lang='lat' dir='ltr'>patria</span> <span class='ocrx_word' id='word_1_72' title='bbox 884 1491 1030 1547; x_wconf 82' lang='lat' dir='ltr'>fugere</span> <span class='ocrx_word' id='word_1_73' title='bbox 1062 1490 1260 1532; x_wconf 76' lang='lat' dir='ltr'>destinat:</span> 
     </span>
     <span class='ocr_line' id='line_1_15' title="bbox 236 1548 1182 1604; baseline -0.003 -11"><span class='ocrx_word' id='word_1_74' title='bbox 236 1550 494 1593; x_wconf 75' lang='lat' dir='ltr'>Prohibetur</span> <span class='ocrx_word' id='word_1_75' title='bbox 524 1566 549 1591; x_wconf 89' lang='lat' dir='ltr'>a</span> <span class='ocrx_word' id='word_1_76' title='bbox 578 1550 737 1604; x_wconf 75' lang='lat' dir='ltr'>sodale,</span> <span class='ocrx_word' id='word_1_77' title='bbox 769 1550 842 1604; x_wconf 89' lang='lat' dir='ltr'>qui</span> <span class='ocrx_word' id='word_1_78' title='bbox 871 1551 1035 1603; x_wconf 89' lang='lat' dir='ltr'>patrem</span> <span class='ocrx_word' id='word_1_79' title='bbox 1065 1548 1182 1590; x_wconf 80' lang='lat' dir='ltr'>fflius</span> 
     </span>
    </p>

    <p class='ocr_par' dir='ltr' id='par_1_12' title="bbox 236 1607 1508 1722">
     <span class='ocr_line' id='line_1_16' title="bbox 236 1607 1508 1663; baseline -0.002 -12"><span class='ocrx_word' id='word_1_80' title='bbox 236 1608 366 1651; x_wconf 76' lang='lat' dir='ltr'>†Orat</span> <span class='ocrx_word' id='word_1_81' title='bbox 396 1624 492 1650; x_wconf 91' lang='lat' dir='ltr'>cum</span> <span class='ocrx_word' id='word_1_82' title='bbox 523 1623 598 1650; x_wconf 92' lang='lat' dir='ltr'>suo</span> <span class='ocrx_word' id='word_1_83' title='bbox 629 1611 766 1663; x_wconf 83' lang='lat' dir='ltr'>patre,</span> <span class='ocrx_word' id='word_1_84' title='bbox 796 1610 896 1649; x_wconf 90' lang='lat' dir='ltr'>nato</span> <span class='ocrx_word' id='word_1_85' title='bbox 927 1610 977 1649; x_wconf 90' lang='lat' dir='ltr'>ut</span> <span class='ocrx_word' id='word_1_86' title='bbox 1007 1607 1182 1649; x_wconf 89' lang='lat' dir='ltr'>cederet.</span> <span class='ocrx_word' id='word_1_87' title='bbox 1467 1619 1508 1649; x_wconf 85' lang='lat'>15</span> 
     </span>
     <span class='ocr_line' id='line_1_17' title="bbox 238 1665 975 1722; baseline -0.003 -13"><span class='ocrx_word' id='word_1_88' title='bbox 238 1666 445 1722; x_wconf 88' lang='lat' dir='ltr'>[Absente</span> <span class='ocrx_word' id='word_1_89' title='bbox 477 1682 573 1708; x_wconf 91' lang='lat' dir='ltr'>cum</span> <span class='ocrx_word' id='word_1_90' title='bbox 602 1667 753 1709; x_wconf 90' lang='lat' dir='ltr'>lenone</span> <span class='ocrx_word' id='word_1_91' title='bbox 782 1665 975 1721; x_wconf 73' lang='lat' dir='ltr'>perfido]</span> 
     </span>
    </p>
   </div>
   <div class='ocr_carea' id='block_1_3' title="bbox 178 1751 459 1756">
    <p class='ocr_par' dir='ltr' id='par_1_13' title="bbox 178 1751 459 1756">
     <span class='ocr_line' id='line_1_18' title="bbox 178 1751 459 1756; baseline 0 0"><span class='ocrx_word' id='word_1_92' title='bbox 178 1751 459 1756; x_wconf 95' lang='lat' dir='ltr'> </span> 
     </span>
    </p>
   </div>
   <div class='ocr_carea' id='block_1_4' title="bbox 176 1791 1511 2072">
    <p class='ocr_par' dir='ltr' id='par_1_14' title="bbox 176 1791 1511 2072">
     <span class='ocr_line' id='line_1_19' title="bbox 273 1791 1509 1838; baseline -0.002 -10"><span class='ocrx_word' id='word_1_93' title='bbox 273 1798 304 1828; x_wconf 89' lang='lat'>1.</span> <span class='ocrx_word' id='word_1_94' title='bbox 331 1793 518 1828; x_wconf 85' lang='lat' dir='ltr'>adsotium</span> <span class='ocrx_word' id='word_1_95' title='bbox 540 1794 594 1829; x_wconf 83' lang='lat' dir='ltr'>vel</span> <span class='ocrx_word' id='word_1_96' title='bbox 619 1803 681 1828; x_wconf 85' lang='lat' dir='ltr'>ase</span> <span class='ocrx_word' id='word_1_97' title='bbox 707 1792 812 1828; x_wconf 84' lang='lat' dir='ltr'>dum:</span> <span class='ocrx_word' id='word_1_98' title='bbox 837 1804 918 1828; x_wconf 84' lang='lat' dir='ltr'>corr</span> <span class='ocrx_word' id='word_1_99' title='bbox 941 1792 995 1828; x_wconf 84' lang='lat' dir='ltr'>Ri</span> <span class='ocrx_word' id='word_1_100' title='bbox 1017 1793 1029 1838; x_wconf 74' lang='grc' dir='ltr'>ΙΙ</span> <span class='ocrx_word' id='word_1_101' title='bbox 1056 1796 1087 1827; x_wconf 81' lang='lat'>2.</span> <span class='ocrx_word' id='word_1_102' title='bbox 1113 1791 1230 1827; x_wconf 85' lang='lat' dir='ltr'>milis:</span> <span class='ocrx_word' id='word_1_103' title='bbox 1255 1803 1336 1828; x_wconf 81' lang='lat' dir='ltr'>corr</span> <span class='ocrx_word' id='word_1_104' title='bbox 1358 1791 1509 1827; x_wconf 81' lang='lat' dir='ltr'>Beroal-</span> 
     </span>
     <span class='ocr_line' id='line_1_20' title="bbox 176 1837 1506 1887; baseline -0.005 -10"><span class='ocrx_word' id='word_1_105' title='bbox 176 1842 245 1877; x_wconf 72' lang='lat' dir='ltr'>dus</span> <span class='ocrx_word' id='word_1_106' title='bbox 267 1840 271 1887; x_wconf 84' lang='grc' dir='ltr'>Ι</span> <span class='ocrx_word' id='word_1_107' title='bbox 293 1839 451 1885; x_wconf 84' lang='lat' dir='ltr'>hospitis</span> <span class='ocrx_word' id='word_1_108' title='bbox 475 1841 529 1876; x_wconf 82' lang='lat' dir='ltr'>vel</span> <span class='ocrx_word' id='word_1_109' title='bbox 553 1839 684 1874; x_wconf 87' lang='lat' dir='ltr'>militis</span> <span class='ocrx_word' id='word_1_110' title='bbox 714 1841 726 1885; x_wconf 81' lang='grc' dir='ltr'>ΙΙ</span> <span class='ocrx_word' id='word_1_111' title='bbox 763 1843 794 1875; x_wconf 85' lang='grc'>3.</span> <span class='ocrx_word' id='word_1_112' title='bbox 819 1850 916 1874; x_wconf 88' lang='lat' dir='ltr'>naue</span> <span class='ocrx_word' id='word_1_113' title='bbox 940 1840 995 1875; x_wconf 84' lang='lat' dir='ltr'>vel</span> <span class='ocrx_word' id='word_1_114' title='bbox 1017 1837 1108 1873; x_wconf 89' lang='lat' dir='ltr'>naui</span> <span class='ocrx_word' id='word_1_115' title='bbox 1126 1840 1138 1884; x_wconf 79' lang='lat' dir='ltr'>fl</span> <span class='ocrx_word' id='word_1_116' title='bbox 1157 1842 1188 1874; x_wconf 85' lang='lat'>5.</span> <span class='ocrx_word' id='word_1_117' title='bbox 1214 1839 1475 1884; x_wconf 85' lang='lat' dir='ltr'>percunctatur</span> <span class='ocrx_word' id='word_1_118' title='bbox 1503 1839 1506 1884; x_wconf 85' lang='grc' dir='ltr'>Ι</span> 
     </span>
     <span class='ocr_line' id='line_1_21' title="bbox 177 1884 1509 1934; baseline -0.002 -12"><span class='ocrx_word' id='word_1_119' title='bbox 177 1897 305 1923; x_wconf 82' lang='lat' dir='ltr'>seruus</span> <span class='ocrx_word' id='word_1_120' title='bbox 323 1888 378 1922; x_wconf 83' lang='lat' dir='ltr'>vel</span> <span class='ocrx_word' id='word_1_121' title='bbox 397 1886 494 1921; x_wconf 86' lang='lat' dir='ltr'>serui</span> <span class='ocrx_word' id='word_1_122' title='bbox 516 1887 521 1934; x_wconf 88' lang='grc' dir='ltr'>Ι</span> <span class='ocrx_word' id='word_1_123' title='bbox 541 1886 646 1932; x_wconf 84' lang='lat' dir='ltr'>pedis</span> <span class='ocrx_word' id='word_1_124' title='bbox 673 1897 830 1930; x_wconf 86' lang='lat' dir='ltr'>aequam</span> <span class='ocrx_word' id='word_1_125' title='bbox 848 1887 902 1922; x_wconf 82' lang='lat' dir='ltr'>vel</span> <span class='ocrx_word' id='word_1_126' title='bbox 919 1885 1180 1931; x_wconf 83' lang='lat' dir='ltr'>pedissequam</span> <span class='ocrx_word' id='word_1_127' title='bbox 1198 1886 1210 1930; x_wconf 86' lang='grc' dir='ltr'>ΙΙ</span> <span class='ocrx_word' id='word_1_128' title='bbox 1229 1889 1260 1921; x_wconf 90' lang='grc'>6.</span> <span class='ocrx_word' id='word_1_129' title='bbox 1275 1884 1509 1920; x_wconf 83' lang='lat' dir='ltr'>adolescente</span> 
     </span>
     <span class='ocr_line' id='line_1_22' title="bbox 176 1931 1510 1979; baseline -0.003 -9"><span class='ocrx_word' id='word_1_130' title='bbox 176 1935 231 1970; x_wconf 87' lang='lat' dir='ltr'>vel</span> <span class='ocrx_word' id='word_1_131' title='bbox 255 1933 530 1971; x_wconf 86' lang='lat' dir='ltr'>adulescentem</span> <span class='ocrx_word' id='word_1_132' title='bbox 560 1935 571 1979; x_wconf 85' lang='grc' dir='ltr'>ΙΙ</span> <span class='ocrx_word' id='word_1_133' title='bbox 602 1936 634 1969; x_wconf 90' lang='grc'>8.</span> <span class='ocrx_word' id='word_1_134' title='bbox 660 1932 814 1968; x_wconf 80' lang='lat' dir='ltr'>Veniret</span> <span class='ocrx_word' id='word_1_135' title='bbox 837 1934 891 1968; x_wconf 82' lang='lat' dir='ltr'>vel</span> <span class='ocrx_word' id='word_1_136' title='bbox 914 1931 1050 1967; x_wconf 86' lang='lat' dir='ltr'>Venire</span> <span class='ocrx_word' id='word_1_137' title='bbox 1069 1933 1080 1978; x_wconf 82' lang='grc' dir='ltr'>ΙΙ</span> <span class='ocrx_word' id='word_1_138' title='bbox 1100 1935 1153 1967; x_wconf 91' lang='grc'>10.</span> <span class='ocrx_word' id='word_1_139' title='bbox 1180 1931 1333 1967; x_wconf 86' lang='lat' dir='ltr'>Vicinus</span> <span class='ocrx_word' id='word_1_140' title='bbox 1366 1935 1371 1974; x_wconf 78' lang='grc' dir='ltr'>ί</span> <span class='ocrx_word' id='word_1_141' title='bbox 1403 1942 1510 1976; x_wconf 87' lang='lat' dir='ltr'>prae-</span> 
     </span>
     <span class='ocr_line' id='line_1_23' title="bbox 176 1977 1511 2024; baseline -0.001 -9"><span class='ocrx_word' id='word_1_142' title='bbox 176 1982 362 2016; x_wconf 88' lang='lat' dir='ltr'>mercatur</span> <span class='ocrx_word' id='word_1_143' title='bbox 396 1981 451 2016; x_wconf 83' lang='lat' dir='ltr'>vel</span> <span class='ocrx_word' id='word_1_144' title='bbox 486 1981 739 2024; x_wconf 76' lang='lat' dir='ltr'>promereatur</span> <span class='ocrx_word' id='word_1_145' title='bbox 756 1991 758 1993; x_wconf 65' lang='grc'>’</span> <span class='ocrx_word' id='word_1_146' title='bbox 774 1981 786 2024; x_wconf 77' lang='grc' dir='ltr'>ΙΙ</span> <span class='ocrx_word' id='word_1_147' title='bbox 818 1983 871 2015; x_wconf 92' lang='grc'>11.</span> <span class='ocrx_word' id='word_1_148' title='bbox 898 1978 1056 2014; x_wconf 84' lang='lat' dir='ltr'>coniunx</span> <span class='ocrx_word' id='word_1_149' title='bbox 1079 1980 1135 2014; x_wconf 83' lang='lat' dir='ltr'>vel</span> <span class='ocrx_word' id='word_1_150' title='bbox 1159 1977 1292 2013; x_wconf 85' lang='lat' dir='ltr'>coniux</span> <span class='ocrx_word' id='word_1_151' title='bbox 1326 1979 1338 2023; x_wconf 90' lang='grc' dir='ltr'>ΙΙ</span> <span class='ocrx_word' id='word_1_152' title='bbox 1374 1981 1428 2013; x_wconf 86' lang='grc'>13.</span> <span class='ocrx_word' id='word_1_153' title='bbox 1454 1979 1511 2014; x_wconf 83' lang='lat' dir='ltr'>del</span> 
     </span>
     <span class='ocr_line' id='line_1_24' title="bbox 178 2024 1510 2072; baseline -0.003 -8"><span class='ocrx_word' id='word_1_154' title='bbox 178 2028 293 2064; x_wconf 69' lang='lat' dir='ltr'>Sao-ac</span> <span class='ocrx_word' id='word_1_155' title='bbox 316 2028 328 2072; x_wconf 80' lang='grc'>11</span> <span class='ocrx_word' id='word_1_156' title='bbox 354 2030 409 2062; x_wconf 87' lang='lat'>14.</span> <span class='ocrx_word' id='word_1_157' title='bbox 434 2026 633 2061; x_wconf 89' lang='lat' dir='ltr'>Prohibere</span> <span class='ocrx_word' id='word_1_158' title='bbox 664 2028 676 2072; x_wconf 90' lang='grc' dir='ltr'>ΙΙ</span> <span class='ocrx_word' id='word_1_159' title='bbox 708 2030 762 2061; x_wconf 89' lang='grc'>15.</span> <span class='ocrx_word' id='word_1_160' title='bbox 789 2026 936 2061; x_wconf 85' lang='lat' dir='ltr'>cederet</span> <span class='ocrx_word' id='word_1_161' title='bbox 959 2027 1013 2062; x_wconf 84' lang='lat' dir='ltr'>vel</span> <span class='ocrx_word' id='word_1_162' title='bbox 1037 2024 1176 2060; x_wconf 86' lang='lat' dir='ltr'>cederit</span> <span class='ocrx_word' id='word_1_163' title='bbox 1204 2026 1216 2070; x_wconf 82' lang='grc' dir='ltr'>ΙΙ</span> <span class='ocrx_word' id='word_1_164' title='bbox 1247 2028 1301 2060; x_wconf 90' lang='grc'>16.</span> <span class='ocrx_word' id='word_1_165' title='bbox 1325 2025 1394 2060; x_wconf 77' lang='lat' dir='ltr'>secl</span> <span class='ocrx_word' id='word_1_166' title='bbox 1418 2024 1510 2060; x_wconf 79' lang='lat' dir='ltr'>Pius</span> 
     </span>
    </p>
   </div>
   <div class='ocr_carea' id='block_1_5' title="bbox 175 2075 397 2120">
    <p class='ocr_par' dir='ltr' id='par_1_15' title="bbox 175 2075 397 2120">
     <span class='ocr_line' id='line_1_25' title="bbox 175 2075 397 2120; baseline 0 -10"><span class='ocrx_word' id='word_1_167' title='bbox 175 2086 259 2110; x_wconf 74' lang='lat' dir='ltr'>cwm</span> <span class='ocrx_word' id='word_1_168' title='bbox 283 2075 397 2120; x_wconf 69' lang='lat' dir='ltr'>aliisu</span> 
     </span>
    </p>
   </div>
  </div>
 </body>
</html>
