1560 2548
9 89 12 95 .
54 90 58 124 3
70 43 87 124 j*
103 42 305 121 'inm
648 70 842 108 CAPTIVI
1178 123 1181 125 ι
1363 69 1419 112 85

6 215 12 230 2
33 223 46 240 ,
54 180 417 238 Aristophontes,
439 179 514 236 qui
533 181 586 222 ox
605 182 757 236 parata
774 194 820 221 re
838 178 1095 235 imparatam
1114 179 1285 221 omnem
1302 177 1419 220 facis.

69 240 262 285 occisast
296 239 402 283 haee
438 253 525 294 res,
566 238 652 282 nisi
688 238 856 294 reperio
900 240 1088 281 atrocem
1129 237 1190 279 mi
1232 237 1421 293 aliquam

26 310 41 350 ἴ
779 297 992 340 astutiam.

13 356 38 403 Γ
68 358 164 404 ΗΕ.
207 358 411 416 Sequere:
441 358 510 400 om
540 357 624 400 tibi
654 356 884 412 hominem,
918 356 987 398 adi
1018 357 1147 411 atque
1178 355 1419 410 adloquere.

354 417 485 460 TYN.
517 416 622 467 Quis
651 416 824 458 homost
855 430 923 458 me
947 415 1171 458 hominum
1194 414 1420 457 miserior?

68 476 162 522 AR.
187 476 300 529 Quid
316 476 428 520 istuc
447 478 524 531 est,
549 475 664 531 quod
687 477 806 517 meos
823 477 868 517 te
888 474 1025 517 dicam
1048 474 1236 531 fugitare
1262 473 1420 529 oculos,

779 533 985 590 Tyndare,
1350 544 1418 575 541

16 607 30 625 ‘³
68 595 240 652 Proque
270 594 422 652 ignoto
453 608 522 636 me
553 593 790 650 aspernari,
832 593 954 648 quasi
984 608 1052 635 me
1082 607 1317 648 numquam
1346 593 1421 634 no-

779 652 925 694 ueris?

69 701 285 770 liquidem
326 715 417 755 tam
459 727 554 754 sum
598 713 746 754 seruos
789 726 917 766 quam
953 713 1019 766 tu,
1062 710 1143 752 etsi
1183 711 1265 767 ogo
1306 709 1421 752 domi

779 770 893 812 liber
923 770 999 826 fui,

0 874 4 878 ,
70 830 136 875 'Pu
174 834 311 887 iisque
342 845 368 873 a
396 845 531 886 puero
564 829 817 872 seruitutem
847 828 1066 872 soruiuisti
1095 828 1142 871 in
1171 817 1309 871 Alide.

2 914 7 947 g
69 891 165 934 HE.
202 890 371 946 Edepol
407 890 596 932 minume
626 888 777 944 miror,
814 888 850 931 si
885 891 929 931 te
965 888 1126 945 fugitat
1163 890 1238 930 aut
1275 887 1422 930 oculos

10 978 37 996 γ’
69 1007 162 1052 Alit
205 1008 243 1051 si
283 1010 328 1051 te
371 1007 480 1064 odit,
531 1007 604 1063 qui
646 950 1015 1062 istumtuzsspelles
1055 1006 1300 1060 Ty'ndarum
1342 957 1422 1061 1?ssss

781 1066 1037 1108 Philocrate.
1236 1072 1239 1075 “

7 1175 9 1177 ,
71 1126 203 1170 TYN.
234 1126 389 1184 Hegio,
413 1125 512 1168 istic
536 1125 666 1168 homo
692 1125 889 1168 rabiosus
914 1125 1091 1167 habitus
1117 1126 1181 1166 est
1206 1124 1252 1166 in
1277 1112 1422 1166 Alide:

70 1185 139 1230 No
169 1188 219 1229 tu
251 1186 367 1241 quod
396 1185 495 1228 istic
524 1185 746 1227 fabuletur
776 1184 891 1226 auris
922 1183 1131 1226 immittas
1161 1185 1281 1225 tuas..

21 1261 25 1264 ·
70 1244 187 1304 lyam
210 1244 308 1288 istic
331 1244 468 1287 hastis
492 1243 727 1286 insectatus
747 1245 813 1286 ost
832 1243 947 1286 domi
972 1245 1153 1285 matrem
1178 1244 1221 1284 ot
1243 1244 1424 1298 patrem⁷

72 1305 133 1348 Et
150 1304 241 1347 illic
258 1304 332 1347 isti
353 1303 427 1359 qui
447 1302 752 1359 <in>sputatur
769 1302 948 1345 morbus
967 1302 1182 1344 interdum
1200 1301 1331 1343 uenit.
1355 1313 1423 1344 550

71 1363 206 1407 Proin
236 1365 285 1406 tu
316 1363 372 1405 ab
404 1362 514 1405 istoc
543 1362 696 1418 procul
725 1361 907 1404 recedas.
956 1361 1051 1403 HE.
1082 1351 1208 1403 Vltro
1237 1360 1369 1402 istum
1400 1375 1425 1402 a

782 1435 861 1462 me.
922 1419 1013 1462 AR.
1053 1419 1151 1476 Ain,
1182 1419 1394 1462 uerbero‘?

72 1481 145 1524 Mo
175 1481 397 1524 rabiosum
427 1483 556 1536 atque
586 1479 843 1522 insectatum
873 1494 965 1522 esse
1001 1479 1138 1521 hastis
1168 1493 1311 1521 meum
1341 1493 1425 1521 me-

783 1540 925 1581 moras
956 1539 1153 1594 patrem?

74 1586 136 1642 1331:
166 1613 265 1642 eum
294 1599 497 1642 morbum
527 1598 587 1641 mi
618 1600 723 1654 osse,
753 1600 802 1640 ut
834 1598 907 1654 qui
937 1597 1036 1640 med
1061 1599 1170 1653 opus
1196 1596 1253 1640 sit
1281 1597 1425 1652 inspu-

786 1656 945 1699 tar-ier?

75 1716 207 1760 TYN.
231 1716 300 1760 No
324 1731 488 1759 uerere:
519 1716 679 1759 multos
705 1716 787 1758 iste
806 1716 984 1758 morbus
1008 1715 1204 1758 homines
1229 1716 1427 1770 macerat,

76 1775 243 1826 Quibus
274 1775 491 1831 insputari
519 1775 647 1818 saluti
677 1775 762 1817 fiiit
792 1778 920 1830 atque
951 1775 989 1818 is
1019 1775 1196 1830 profuit.
1357 1785 1426 1817 555
1511 1799 1522 1814 -

75 1834 167 1878 AR.
211 1834 323 1886 Quid
355 1837 405 1877 tu
436 1834 609 1877 autem?
652 1834 782 1876 etiam
817 1834 917 1876 huic
953 1834 1118 1876 credis?
1179 1834 1273 1876 ΗΕ.
1317 1833 1428 1885 Quid

361 1908 442 1951 ego
475 1894 643 1936 credam
672 1893 802 1936 huic?
861 1892 952 1935 AR.
991 1892 1194 1936 Insanum
1226 1895 1316 1935 osse
1347 1907 1427 1935 me.

76 1951 208 1996 TYN.
250 1952 392 1996 Viden
428 1956 477 1995 tu
513 1953 645 2007 hunc,
683 1967 810 2008 quam
846 1952 1019 1995 inimico
1056 1952 1180 1995 uoltu
1215 1951 1429 1994 intuitur?

788 2012 960 2054 concedi
993 2013 1274 2067 optumumst,

75 2069 237 2128 Hegio:
261 2072 314 2114 fit
338 2071 454 2127 quod
477 2071 561 2113 tibi
586 2070 704 2128 [ego]
726 2070 827 2127 dixi,
851 2071 996 2128 gliscit
1020 2070 1180 2113 rabies:
1206 2071 1309 2112 caue
1334 2069 1429 2112 tibi.

173 2225 253 2259 545.
278 2220 369 2257 iste:
394 2233 476 2258 corr
493 2222 547 2258 B*
565 2223 578 2268 ΙΙ
598 2225 676 2258 547.
702 2221 781 2257 hic:
807 2233 889 2258 corr
907 2222 1088 2258 Iseoehsius
1106 2224 1118 2267 ΙΙ
1138 2226 1218 2258 550.
1241 2222 1317 2258 add
1335 2222 1395 2268 Py
1419 2222 1423 2270 Ι

79 2270 161 2306 558.
185 2279 261 2304 me:
287 2280 369 2305 eom·
387 2270 445 2305 Bo
463 2272 475 2315 ΙΙ
494 2273 574 2306 554.
600 2268 692 2305 HE.:
721 2279 802 2305 corr
820 2269 1037 2306 Redslobius
1054 2272 1066 2315 ΙΙ
1086 2273 1165 2306 555.
1190 2268 1238 2304 iis
1262 2270 1317 2305 vel
1340 2269 1422 2316 hie}

79 2318 160 2352 558.
184 2316 258 2353 dcet
282 2317 341 2352 Bo
363 2316 377 2364 Η
402 2320 481 2353 557.
506 2316 691 2352 intuetur:
716 2327 797 2353 corr
820 2317 919 2353 Rem
936 2318 948 2363 ss
967 2320 1047 2353 558.
1073 2317 1132 2352 del
1155 2317 1214 2353 Bo
1232 2318 1244 2362 ΙΙ
