1560 2548
159 99 212 135 VI
696 101 967 140 PRAEFATIO

160 206 268 249 tioni
305 222 356 249 ex
393 208 586 251 versibus
623 223 749 263 saepe
787 210 1038 265 conspicuae
1067 211 1319 256 tribuamus.
1379 213 1500 270 Symi-

160 265 276 308 zesin
306 267 481 321 proprio
513 267 636 323 signo
666 270 815 310 notare
845 269 1072 326 noluimus,
1102 270 1177 313 sed
1199 271 1277 314 ubi
1300 275 1500 316 accentus

160 325 347 379 ponendi
371 328 492 367 erant
517 326 896 369 demonstravimus
924 342 1006 370 nos
1029 329 1134 381 meo',
1165 330 1247 382 soe'w',
1278 330 1383 386 sim„
1411 345 1500 374 non
1543 354 1545 356 ·

159 384 269 435 me'o',
306 384 381 426 3άό
413 384 504 426 sim.
536 385 737 439 probare,
774 386 887 440 quod
921 401 1008 429 non
1037 401 1122 429 una
1151 403 1197 430 re
1232 389 1393 432 firmari
1422 403 1499 445 pu-

160 444 310 483 tamus.
359 441 469 484 Item
499 444 596 495 e'ius‘,
626 444 749 486 lulius
779 444 870 486 sim.
894 444 1076 488 formam
1103 446 1369 504 disyllabum,
1385 451 1498 501 eius,

159 501 283 542 huius
313 500 404 543 sim.
436 502 617 543 formam
647 503 986 557 monosyllabam
1015 504 1324 561 insignivimus.
1382 504 1385 506 ’

247 558 335 601 Vbi
366 560 522 602 codicis
552 561 748 615 rescripti
774 560 1047 604 Ambrosiani
1072 563 1155 619 (A)
1179 564 1410 608 auctoritas
1434 579 1497 608 ac-

161 617 272 659 cedit
302 642 360 647 -
390 618 435 659 id
466 619 579 674 quod
608 619 654 661 in
678 634 842 662 summo
868 621 1058 677 margine
1080 623 1268 665 numeris
1298 623 1497 680 vulgatae

161 676 462 730 adscripsimus
493 702 548 707 —
581 678 910 721 emendatiorem
944 680 1084 722 huius·
1107 680 1210 723 libri
1241 681 1497 736 scripturam

160 734 336 790 (litteris
361 735 618 790 capitalibus
645 735 901 793 exhibitam)
932 752 1016 780 una
1039 753 1135 781 cum
1163 739 1393 795 depravata
1416 741 1496 783 lec-

159 793 276 834 tione
300 793 593 836 Palatinorum
620 795 929 838 adnotavimus:
960 797 1034 851 qui
1064 797 1141 839 ubi
1166 799 1496 842 emendatiorem

159 851 321 893 habent
352 852 621 908 scripturam,
657 854 907 909 plerumque
944 855 1076 898 solius
1105 855 1379 900 Ambrosiam
1414 858 1496 900 dis-

160 911 422 965 crepantiam
452 912 678 966 apparatui
708 912 972 955 inseruimus.
984 912 1016 971 ¹)

246 969 451 1024 Reliquos
475 970 638 1012 codices
663 971 855 1027 singulos
878 987 975 1014 raro
998 973 1240 1015 notavimus
1264 973 1404 1016 solitis
1426 974 1495 1016 lit-

159 1027 263 1069 teris
298 1028 364 1069 usi
401 1027 466 1085 (B
490 1050 543 1063 =
572 1029 703 1071 codex
739 1032 861 1072 vetus
899 1029 1126 1074 Camerarii
1160 1031 1355 1074 Palatino
1363 1031 1495 1075 -Vati-

160 1100 290 1141 canus
315 1101 420 1128 saec.
439 1087 495 1128 X:
525 1087 590 1129 Β2
615 1087 803 1130 eiusdem
828 1092 1040 1131 corrector
1064 1090 1275 1147 antiquus,
1300 1091 1352 1132 de
1376 1091 1497 1134 cuius

160 1145 412 1187 auctoritate
452 1146 619 1187 doctam
655 1145 928 1189 SEYFFERTI
965 1151 1261 1203 exspectamus
1301 1148 1495 1192 disserta-

159 1203 336 1245 tionem:
377 1203 414 1247 O'
435 1225 490 1239 =
514 1204 734 1247 Palatinus
765 1220 869 1247 saec.
893 1205 969 1262 XI;
1006 1207 1052 1249 D
1078 1227 1130 1242 =
1156 1207 1397 1250 Vaticanus>
1416 1207 1495 1250 Vr-

160 1261 349 1304 sim'anus
381 1277 485 1305 saec.
510 1262 587 1318 X13
626 1264 667 1306 V
684 1284 739 1298 =
764 1264 983 1307 Leidensis
1006 1264 1241 1308 Vossianus
1265 1280 1371 1309 saec.
1395 1266 1497 1322 XH;

158 1321 205 1362 E
217 1341 272 1355 ==
286 1320 597 1363 Ambrosianus
616 1337 720 1364 saec.
734 1322 830 1378 XII3
849 1323 889 1366 J
900 1344 955 1358 =
968 1323 1239 1367 Britannicus
1258 1339 1362 1367 saec.
1381 1323 1495 1381 ΧΠ).

158 1379 415 1434 Plerumque
441 1380 662 1435 archetypi
686 1381 813 1423 huius
837 1382 982 1424 classis
1000 1382 1045 1424 B
1055 1382 1139 1426 OD
1161 1383 1230 1425 vel
1252 1383 1400 1426 BEV
1413 1383 1495 1441 (P)

160 1437 389 1492 scripturas
421 1438 623 1494 eruimus3
659 1439 736 1481 ubi
766 1454 865 1481 vero
897 1440 1055 1494 duplex
1091 1441 1159 1482 vel
1195 1441 1297 1483 adeo
1333 1441 1494 1497 triplex

88 1497 94 1502 '
158 1495 451 1538 testimonium
477 1497 678 1538 exhibere
702 1497 840 1539 visum
865 1501 929 1540 est
957 1513 1035 1552 per
1058 1499 1119 1541 vel
1143 1499 1376 1554 scripturas
1399 1514 1494 1542 con-

158 1554 375 1596 iunximus
405 1555 460 1596 ab
493 1569 541 1596 ea
572 1555 822 1610 plerumque
851 1557 1034 1611 profecti
1065 1571 1192 1612 quam
1223 1558 1266 1600 P
1293 1558 1494 1601 habuisse

158 1612 430 1654 verisimilius
455 1613 521 1654 sit.
575 1613 719 1668 Atque
750 1614 874 1668 plura
903 1615 1204 1670 adscripsimus
1234 1617 1280 1659 in
1305 1616 1495 1672 Captivis

161 1672 397 1727 Casinaque
435 1687 562 1727 quam
598 1673 642 1714 in
678 1673 978 1715 Bacchidibus:
1018 1674 1092 1715 sed
1126 1689 1179 1716 ne
1215 1675 1260 1716 in
1294 1675 1375 1717 hac
1405 1675 1495 1730 qui-

160 1731 255 1773 dem
286 1732 517 1786 quidquam
546 1732 778 1787 omisimus,
810 1733 923 1787 quod
954 1733 1238 1774 emendationi
1267 1733 1372 1775 utile
1403 1747 1493 1775 esse

161 1790 369 1832 duximus.

247 1848 338 1890 Has
382 1862 486 1902 quas
529 1848 714 1890 breviter
752 1849 1095 1891 adumbravimus
1137 1849 1323 1891 rationes
1364 1849 1493 1891 huius

161 1907 359 1949 editionis
391 1907 714 1948 conformandae
743 1922 960 1962 speramus
990 1908 1080 1950 fore
1111 1910 1160 1949 ut
1189 1907 1312 1963 aequi
1341 1908 1493 1949 arbitri

160 1968 203 2007 et
232 1965 416 2020 probent
454 1967 497 2006 et
532 1979 610 2006 nos
643 1966 868 2021 diligenter
899 1966 1242 2021 considerateque
1272 1969 1493 2008 exsecutos

251 2098 285 2141 1)
323 2095 616 2131 Consentaneum
653 2095 710 2128 est
743 2105 810 2129 nos
844 2094 1096 2139 Apographon
1129 2092 1373 2128 Studemundi
1405 2092 1490 2127 dili-

154 2146 286 2188 genter
311 2142 360 2177 ad
385 2152 430 2177 ea
454 2152 548 2186 quae
573 2140 646 2186 ipsi
673 2140 981 2176 adnotaveramus
1007 2139 1231 2193 adhibuisse.
1280 2139 1396 2193 Locos
1421 2139 1489 2193 ali-

154 2190 247 2234 quot
266 2189 422 2224 Casinas
446 2189 534 2233 post
553 2187 846 2222 Studemundum
871 2187 990 2222 denuo
1015 2187 1177 2233 inspexit
1203 2185 1426 2239 Schoelhusz
1450 2197 1490 2221 m

154 2235 345 2281 plerisque
368 2246 496 2270 verum
514 2233 613 2270 vidit
632 2233 925 2270 Studemundus:
951 2235 990 2270 in
1015 2232 1170 2279 singulis
1194 2234 1320 2267 tamen
1339 2233 1489 2278 qmbus-

155 2283 243 2318 dam
272 2282 496 2318 lectionibus
527 2281 574 2316 ab
603 2280 670 2316 illo
702 2280 815 2315 etiam
846 2280 907 2315 hic
940 2282 1139 2326 apparatus
1175 2279 1372 2325 discrepat.
1421 2280 1490 2314 Le-

154 2330 275 2365 viores
301 2327 571 2374 discrepantias
595 2338 670 2362 non
693 2329 751 2363 est
775 2338 839 2362 cur
865 2328 1093 2363 adnotemus.
