1560 2548
455 119 459 124 .
542 81 608 119 mu:
631 77 822 118 PLAvro
1238 71 1360 107 xm

70 199 132 244 Et
159 211 274 242 noua
301 196 488 250 fictaque
517 205 658 247 nuper
686 187 914 231 habebunt
944 184 1080 227 uerba
1109 181 1255 236 fidem,
1286 179 1325 222 si

44 283 57 307 -,
71 257 235 303 Graeco
263 255 385 300 fonte
416 251 568 296 cadent
599 263 726 306 parce
757 247 937 289 detorta.
999 242 1104 298 quid
1134 243 1277 282 autem

74 315 260 362 Caecilio
289 313 532 367 Plautoque
564 308 686 351 dabit
714 306 935 349 Romanus
967 302 1214 357 ademptum

73 374 271 434 Vergilio
298 360 546 428 varioque?
579 382 659 425 ego
691 381 784 421 cur,
814 363 1037 419 adquirere
1068 373 1205 416 pauca

74 435 124 480 Si
151 448 328 492 possum
335 437 358 488 ,s
375 429 589 483 inuideor,
619 442 717 470 cum
745 424 896 481 lingua
928 420 1102 464 Catonis
1133 421 1176 460 et
1206 415 1322 459 Enni

35 501 38 503 ’
74 494 333 539 Sermonem
354 489 546 547 patrium
576 484 780 529 ditauerit
811 485 855 525 et
883 495 998 524 noua
1028 493 1171 522 rerum

75 553 266 599 Nomina
284 547 556 607 protulerit?
586 545 711 588 licuit
742 555 995 597 semperque
1026 537 1177 580 licebit

78 613 126 658 Si
187 615 308 655 atum
336 609 561 666 praesente
589 607 695 648 nota
726 602 959 658 producere
989 612 1158 641 nomen.

34 676 35 679 ’
307 668 552 712 HonA'nvs
583 665 696 719 epist.
728 661 789 705 II
811 665 848 713 1,
879 662 964 704 168
975 671 1081 712 sqq..-

27 743 33 790 j¹
80 730 297 785 Creditur,
327 743 382 771 ex
410 725 551 769 medio
583 723 684 779 quia
714 737 783 764 res
814 718 1010 772 accessit,
1039 715 1199 759 habere

26 795 31 830 ἐ
82 789 260 835 Sudoris
286 787 533 841 minimum,
563 783 639 826 sed
666 781 800 824 habet
832 776 1050 821 comoedia
1078 776 1202 816 tanto

31 886 41 901 ,
81 850 188 895 Plus
222 847 366 892 oneris
401 847 562 902 quanto
597 841 747 884 ueniae
778 838 930 881 minus.
992 833 1162 890 adspice
1192 832 1374 874 Plautus

84 909 178 961 Quo
209 909 338 964 pacto
367 904 506 962 partis
534 904 703 945 tutetur
733 897 916 941 amantis
948 893 1124 951 ephebi,

83 968 146 1012 Vt
177 966 316 1024 patris
343 963 519 1018 attenti,
547 960 714 1004 lenonis
744 961 794 1000 ut
824 955 1037 1010 insidiosi,

85 1027 281 1080 Quantus
311 1024 369 1068 sit
397 1023 648 1067 Dossennus
679 1017 880 1061 edacibus
911 1015 958 1057 in
987 1011 1206 1069 parasitis,

85 1087 225 1139 Quam
253 1099 343 1128 non
371 1081 580 1126 adscricto
611 1078 832 1134 percurrat
863 1073 1036 1130 pulpita
1066 1085 1210 1113 socco:

86 1145 232 1190 Gestit
256 1143 371 1186 enim
393 1154 619 1184 nummum
642 1137 688 1179 in
711 1135 876 1178 loculos
901 1132 1137 1185 demittere,
1168 1131 1268 1184 post
1295 1127 1378 1169 hoc

20 1227 21 1230 ¹
88 1205 273 1249 Securus
303 1201 426 1245 cadat
456 1215 511 1241 an
541 1199 658 1240 recto
690 1198 777 1238 stet
806 1192 954 1236 fabula
984 1191 1085 1233 talo.

149 1262 269 1307 LXV
297 1260 542 1304 HonA'nvs
573 1260 650 1299 art.
674 1258 780 1309 poet.
810 1255 899 1297 263
910 1265 1019 1305 sqq..-

28 1371 32 1375 .
88 1323 193 1367 Non
224 1319 366 1378 quiuis
397 1318 518 1361 uidet
547 1314 828 1358 immodulata
858 1312 1058 1366 poemata
1086 1307 1215 1350 iudex

30 1415 33 1418 -
88 1382 151 1426 Et
181 1381 280 1424 data
309 1377 516 1422 Romanis
547 1374 672 1418 uenia
703 1375 768 1415 est
798 1370 975 1426 indigna
1005 1367 1157 1424 poetis.

91 1441 310 1485 Idcircone
339 1451 474 1494 uager
504 1434 774 1488 scribamque
803 1427 1010 1472 licenter?
1043 1442 1098 1468 an
1128 1424 1266 1468 omnis

35 1529 44 1551 2
92 1501 274 1544 Visuros
303 1499 480 1554 peccata
509 1496 661 1550 putem
691 1506 797 1546 mea,
828 1491 950 1531 tutus
981 1489 1026 1529 et
1055 1486 1170 1528 intra

34 1595 43 1600 .
94 1560 228 1616 Spem
257 1557 407 1600 ueniae
438 1553 617 1597 cautus?
649 1549 785 1594 uitaui
817 1548 998 1603 denique
1031 1545 1221 1600 culpam,

95 1619 199 1663 Non
225 1617 397 1660 laudem
426 1612 575 1656 merui.
635 1626 714 1653 uos
746 1606 1005 1663 exemplaria
1035 1618 1187 1662 graeca

95 1678 320 1723 Nocturna
350 1676 518 1717 uersate
549 1685 696 1725 manu,
727 1670 895 1710 uersate
928 1666 1088 1707 diurna.

57 1753 69 1763 ·
97 1737 159 1781 At
188 1735 323 1779 uestri
353 1732 506 1790 proaui
534 1730 758 1774 Plautinos
790 1730 834 1769 et
863 1738 1065 1768 numeros
1095 1725 1139 1764 et

99 1796 347 1840 Laudauere
378 1792 505 1846 sales,
534 1789 716 1832 nimium
747 1786 963 1842 patienter
993 1785 1242 1836 utrumque,

44 1880 48 1884 -
98 1855 168 1900 Ne
198 1855 337 1897 dicam
367 1851 498 1895 stulte
529 1847 691 1902 mirati,
723 1846 757 1888 si
788 1844 914 1887 modo
947 1857 1026 1899 ego
1059 1843 1101 1883 et
1133 1855 1210 1882 uos

102 1914 269 1959 Scimus
298 1911 558 1955 inurbanum
588 1906 732 1962 lepido
764 1917 970 1959 seponere
1002 1900 1116 1942 dicto

101 1974 162 2018 Le
197 1973 448 2026 'timumque
480 1982 632 2011 sonum
664 1964 799 2022 digito
832 1962 1034 2005 callemus
1066 1962 1108 2002 et
1139 1972 1252 2000 aure.
1443 1994 1450 1999 ,

198 2030 302 2075 xv1
329 2030 512 2072 MAmvs
537 2026 826 2069 VicToRmvs
859 2025 934 2064 art.
951 2035 1012 2075 yr.
1034 2019 1094 2062 II
1107 2033 1151 2072 p.
1174 2020 1240 2068 79,
1260 2020 1285 2058 1
1312 2015 1392 2057 K..

43 2092 164 2151 quod
193 2105 295 2134 uero
326 2089 380 2131 ad
410 2086 621 2130 clausulas
652 2084 697 2126 id
721 2085 787 2125 est
810 2079 1049 2123 minuscula
1074 2077 1166 2120 cola
1192 2075 1393 2131 pertinet,

40 2155 154 2211 quot
200 2164 358 2208 genera
399 2160 603 2190 uersuum
645 2145 747 2186 sunt
789 2140 971 2183 totidem
1014 2152 1161 2180 eorum
1201 2134 1394 2177 membra

48 2226 129 2268 pro
160 2208 362 2253 clausulis
391 2206 494 2262 poni
526 2205 708 2260 possunt
740 2203 783 2243 et
814 2199 955 2242 solent
978 2198 1024 2240 in
1050 2194 1225 2238 canticis
1256 2192 1395 2249 magis

49 2285 179 2327 quam
215 2266 447 2321 deuerbiis,
485 2278 592 2320 quae
630 2277 683 2304 ex
720 2258 928 2303 trimetris
964 2256 1103 2312 magis
1140 2253 1395 2307 subsistunt,

23 2330 33 2390 J
47 2328 249 2375 collocari
287 2330 330 2369 et
367 2324 594 2381 praecipue
632 2320 747 2376 apud
783 2319 986 2361 Plautum
1024 2318 1067 2357 et
1102 2312 1316 2356 Naeuium
1354 2314 1397 2353 et
