1560 2548
146 89 198 124 IV
686 85 960 122 PRAEFATIO

147 201 302 228 ramus.
317 211 372 237 ÷
387 184 490 227 Sero
523 198 622 226 sane
653 182 943 239 intellegimus
967 197 1054 225 non
1079 181 1372 227 Mediolanum
1394 198 1494 240 pro-

147 245 421 288 ficiscendum
452 243 582 285 fuisse
613 242 667 284 ad
691 240 1024 284 Ambrosianum
1054 241 1207 284 melius
1238 244 1491 300 00311080οῄ-
1536 260 1560 281 κ

149 305 262 361 dum,
287 304 361 346 sed
381 302 648 358 Gottingam:
674 301 750 342 ubi
769 301 854 343 iam
874 315 922 343 eo
948 301 1155 356 processit
1179 316 1248 344 ars
1273 301 1492 344 divinandi
1559 301 1560 305 ’

146 362 576 420 praestrigiandique‚
613 362 662 402 ut
698 360 767 402 vel
802 360 903 401 libri
940 360 1031 402 sine
1070 359 1192 402 libris
1222 360 1377 403 melius
1405 361 1493 418 legi

146 423 323 478 possint.
385 421 558 463 Etenim
606 419 674 461 his
723 420 828 474 ipsis
878 419 1026 461 diebus
1069 419 1245 462 affertur
1286 418 1492 463 Friderici

147 482 303 525 Leonis
335 479 636 523 commentatio
669 479 719 520 de
753 477 1015 521 Cistellariae
1046 478 1239 520 versibus
1274 479 1493 522 nonnullis

148 557 200 583 ex
225 541 268 583 Α
293 539 564 583 emendandis
589 535 780 595 (‘Nachr.
807 539 843 580 d.
874 536 1000 580 Goett.
1030 536 1123 581 Ges.
1149 539 1186 580 d.
1214 538 1297 583 W?
1320 539 1356 580 a.
1377 538 1493 581 1894

147 616 187 656 p.
215 601 299 642 202
321 597 450 656 sqq.),
481 597 557 639 ubi
587 613 628 652 p.
655 597 740 639 206
778 597 872 638 adn.
903 596 1071 652 scribit,
1103 596 1217 652 quod
1253 595 1493 639 Schoellius

146 660 470 715 palimpsestum
501 671 599 699 cum
630 655 912 699 Studemundi
943 655 1189 712 apographo
1226 655 1364 698 denuo
1396 670 1493 698 0011-

146 742 286 784 ferens
316 757 355 783 v.
374 741 462 783 450
493 750 594 794 scin
630 739 758 794 paulo
794 738 1061 794 probabilius
1099 738 1212 780 dicat
1242 753 1371 794 quam
1402 716 1491 781 8ὗὲ

148 799 228 858 (sic
258 799 354 858 As),
387 799 574 842 dubitari
603 813 692 841 non
723 813 856 854 posse,
889 798 993 853 quin
1029 798 1142 839 idem
1174 796 1503 840 Studemundus.

146 860 426 915 reputaverit,
475 859 550 900 sed
597 858 821 914 indignum
866 857 1034 898 duxerit
1077 856 1493 899 commemoratione.

147 917 310 977 (Simili
340 918 467 960 modo
506 918 551 960 in
582 919 806 959 comment.
839 916 889 958 de
920 915 1143 958 Vidularia
1175 915 1256 970 [ed.
1287 930 1323 957 a.
1358 915 1491 971 1894]

145 995 187 1034 p.
215 981 238 1022 7
277 979 504 1033 scripserat
542 976 673 1032 ‘quod
710 975 886 1018 Goetzio
923 975 1062 1030 prima
1097 974 1229 1016 fuisse
1264 974 1356 1016 visa
1392 977 1494 1025 sunt

146 1039 219 1092 qui
249 1038 338 1090 tibi,
371 1037 416 1079 id
451 1051 552 1091 prae
585 1034 867 1078 Studemundi
904 1034 1149 1076 testimonio
1186 1047 1275 1075 11011
1306 1033 1492 1077 multum

146 1098 277 1152 valet,
309 1097 383 1152 qui
421 1100 437 1138 t
472 1095 643 1150 quidem
680 1109 758 1149 pro
787 1095 815 1148 f
839 1094 924 1150 legi
959 1107 1082 1148 posse
1120 1092 1357 1148 adnotavit,
1388 1091 1493 1134 item

139 1170 174 1211 p
204 1156 273 1198 vel
298 1160 314 1198 t
341 1170 420 1211 pro
452 1169 483 1210 0,
507 1169 596 1196 11011
620 1152 691 1211 i’.)
734 1152 795 1195 At
825 1153 938 1195 idem
969 1153 1014 1194 in
1045 1152 1190 1194 eadem
1220 1151 1493 1208 illa‘pagina,

145 1215 222 1257 ubi
255 1214 572 1257 Studemundus
606 1212 707 1255 Cist.
733 1213 819 1255 370
856 1212 1023 1254 litterae
1063 1211 1181 1253 velut
1212 1222 1240 1252 Τ
1271 1210 1342 1252 vel
1369 1221 1399 1252 E
1430 1224 1492 1252 re-

145 1275 302 1330 liquias
345 1276 585 1328 notaverat,
627 1287 715 1314 non
757 1271 914 1314 conicit
956 1270 1086 1312 verba
1127 1268 1320 1325 personis
1369 1267 1494 1311 aliter

149 1333 441 1375 distribuenda
472 1346 561 1374 esse
588 1357 643 1361 —
676 1331 791 1386 quod
821 1330 954 1385 licuit,
986 1330 1066 1371 etsi
1097 1328 1332 1371 sententiae
1361 1327 1493 1370 haud-

147 1407 406 1448 quamquam
438 1391 636 1433 convenit
662 1415 717 1420 —
743 1390 816 1432 sed
847 1389 1034 1431 affirmat
1064 1389 1110 1430 in
1139 1388 1232 1442 ipso
1263 1386 1376 1428 libro
1399 1401 1492 1441 per-

147 1466 275 1494 sonae
306 1451 450 1506 potius
481 1450 667 1505 spatium
699 1447 919 1505 exstare.¹)
962 1447 1027 1489 De
1053 1461 1181 1502 opera
1209 1447 1357 1487 nostra
1380 1444 1427 1487 in
1449 1444 1494 1487 A

245 1570 279 1613 1)
308 1567 379 1603 ‘Es
416 1567 548 1610 bedarf
577 1566 670 1601 wohl
705 1577 778 1600 nur
815 1565 877 1600 der
907 1563 1154 1608 BemerkungJ,
1185 1562 1276 1597 dass
1306 1561 1374 1597 das
1409 1561 1493 1597 hein

148 1616 371 1658 Buchstabe,
395 1615 553 1649 sondern
578 1612 919 1657 Personenspatimn
943 1610 1046 1646 war.’
1098 1609 1148 1644 At
1179 1620 1263 1643 cum
1292 1607 1494 1654 praecedat

147 1663 317 1698 'nullusne
353 1666 403 1697 est
438 1661 524 1696 tibi
560 1664 730 1695 amator
767 1660 864 1694 alius
900 1659 1107 1704 quisquam,
1145 1655 1208 1691 vix
1243 1654 1370 1701 potuit
1407 1654 1493 1690 sim-

147 1708 295 1755 pliciter
331 1707 546 1753 responderi
582 1718 700 1752 quem
744 1707 915 1752 quidem
951 1716 1024 1751 eqo
1058 1715 1189 1740 amem
1219 1703 1317 1739 azius
1358 1706 1494 1738 ‘nemost

147 1756 228 1802 (ubi
253 1768 354 1802 quem
379 1767 440 1802 eqo
465 1759 591 1790 contra
622 1766 735 1790 amem
766 1753 900 1788 saltem
925 1752 1141 1797 exspectes),
1167 1750 1233 1785 sed
1257 1749 1350 1784 haec
1377 1748 1490 1784 verba

149 1803 289 1849 optime
333 1814 371 1838 se
414 1802 572 1846 habent,
617 1801 648 1836 si
687 1799 904 1846 adiungitur
946 1800 1035 1835 Nisi
1071 1797 1214 1846 <tu>us
1255 1797 1359 1832 modo
1395 1807 1493 1831 mnus
1544 1834 1546 1836 ,

148 1852 263 1895 filius:
302 1850 368 1885 ubi
406 1849 520 1884 etiam
555 1850 658 1884 modo
688 1860 786 1884 unus
817 1847 930 1882 verba
961 1846 1084 1882 locum
1108 1844 1265 1889 habent,
1297 1852 1393 1887 quae
1423 1841 1491 1876 mi-

149 1910 219 1933 nus
257 1898 459 1943 quadrant,
499 1896 530 1930 si
568 1908 651 1930 cum
687 1895 809 1930 Leone
844 1893 1102 1939 conjungimus
1133 1893 1302 1927 nullusne
1337 1894 1389 1925 est
1424 1890 1493 1925 tibi

150 1950 292 1981 amator
327 1946 423 1981 alius
460 1945 666 1989 quisquam,
704 1943 749 1977 N
747 1944 792 1978 isi
829 1941 984 1988 <me>us
1026 1941 1130 1975 modo
1165 1949 1262 1974 umus
1296 1937 1405 1980 filius,
1446 1957 1490 1961 —

151 1992 273 2028 Simili
316 1990 541 2027 confidentia
590 1991 661 2035 Ges
704 1990 837 2033 bedarf
872 1989 964 2024 wohl
1009 1999 1082 2022 ‘nur
1124 1987 1188 2022 der
1227 1983 1491 2029 Bemerkwny’)
1542 1989 1545 1993 ’

149 2039 360 2085 nuperrime
392 2038 444 2084 (in
468 2037 674 2072 Woelfflini
700 2035 835 2072 Archio
867 2038 893 2071 t.
914 2035 964 2069 IX
988 2047 1023 2079 p.
1046 2035 1126 2078 164)
1151 2032 1261 2067 Mero.
1283 2034 1326 2065 29
1354 2030 1491 2064 ‘emen-

150 2087 271 2122 davit'
298 2087 441 2123 Ine'rtz'a
465 2086 628 2121 auiditas
653 2085 794 2120 desidia
818 2084 970 2118 iniuria.
1022 2080 1140 2123 Quam
1168 2077 1420 2114 coniecturam
1442 2087 1490 2112 ne

150 2156 198 2160 —
213 2136 255 2169 ut
279 2134 344 2169 ille
376 2132 455 2168 volt
481 2154 524 2158 -—
549 2143 646 2166 novo
672 2130 874 2166 latinitatis
899 2129 1072 2164 thesauro
1097 2126 1274 2169 inserant,
1300 2135 1492 2160 monemus

150 2181 243 2216 item
267 2181 403 2216 falsam
428 2191 517 2216 esse.
566 2179 664 2213 Nam
691 2199 734 2203 —
753 2175 796 2212 ut
820 2176 1011 2212 mittamus
1036 2185 1182 2210 versum
1207 2172 1252 2207 de
1279 2171 1492 2207 coniectura

151 2229 301 2263 demum
326 2240 409 2263 cum
433 2226 518 2262 aliis
549 2225 646 2260 male
678 2224 837 2260 incisum
863 2245 906 2249 —
932 2223 1064 2258 inertia
1098 2222 1135 2255 et
1159 2219 1301 2255 desidia
1330 2217 1491 2263 pessime
1541 2240 1544 2242 >

150 2287 217 2320 per
253 2277 417 2312 auiditas
448 2270 723 2318 disiungunturj
772 2272 908 2307 Contra
939 2271 1106 2305 Inhaeret
1140 2267 1250 2302 etiam
1286 2265 1380 2300 adeo
1415 2275 1491 2300 non

153 2323 339 2358 disturbat
382 2320 713 2364 enumerationem,
752 2321 794 2354 ut
829 2317 954 2363 potius
985 2315 1193 2360 distinguat
1229 2311 1415 2359 (similiter
1449 2312 1493 2346 ut
