1560 2548
139 95 196 137 34
708 93 885 130 PLAVTI
1236 73 1244 81 '
1283 60 1476 130 mim-¹12

604 239 881 289 AOTVS
918 238 1007 287 IV

469 361 778 398 MELAENIS.
840 360 1136 397 SELENIVM

557 423 688 458 LENA
859 421 1111 457 MERETRIX

134 510 229 552 ΜΕ.
273 510 380 551 Rem
425 510 591 551 elocuta
634 511 727 550 slim
770 507 850 549 tibi
894 521 1079 549 omnem:
1123 507 1296 561 sequere
1337 505 1474 561 (hac)

980 565 1131 620 me[a],
1163 563 1397 621 Selenium,

134 619 195 671 Vt
220 643 366 670 eorum
393 627 564 682 quoiam
591 627 679 668 esse
705 627 874 681 oportet
898 626 941 666 te
966 624 1023 666 sis
1047 624 1191 680 potius
1217 624 1345 679 quam
1369 638 1474 667 mea.

135 687 401 742 Quamquam
444 686 581 728 inuita
623 687 665 727 te
709 684 878 740 carebo,
921 683 1110 725 animum
1153 697 1231 740 ego
1277 683 1474 725 inducam

980 745 1123 784 tamen

133 805 216 847 †Vt
247 805 355 847 illud
386 820 513 860 quam
543 806 662 845 tuam
694 803 738 844 in
763 817 852 844 rem
878 801 984 843 bene
1012 776 1219 843 condiicat
1244 798 1472 844 consulamss

131 865 245 907 Nam
269 864 340 906 hic
365 863 594 918 crepundia
618 862 775 917 insunt,
807 860 1094 916 quibusquom
1119 862 1160 902 te
1185 859 1262 902 ssla
1286 859 1390 903 olim
1420 860 1474 902 ad

977 934 1044 960 me
1077 919 1245 974 detulit,
1404 930 1471 962 635

130 982 248 1087 guae
279 981 386 1024 mihi
418 980 545 1035 dedit,
575 982 771 1035 parentes
802 981 843 1021 te
874 981 923 1020 iit
954 980 1210 1034 cognoscant
1240 977 1418 1020 facilius.

173 1042 289 1096 ccipe
320 1041 429 1082 hanc
461 1040 679 1094 cistellam,
710 1038 902 1080 Halisca:
933 1052 953 1079 s
985 1053 1005 1075 ,κ
1038 1053 1059 1076 *
1091 1052 1114 1077 *
1146 1052 1167 1076 *
1200 1052 1220 1076 ,ιι
1254 1052 1275 1076 *
1308 1052 1328 1076 ιιι

132 1117 153 1140 *
187 1116 207 1140 *
241 1116 261 1139 *
295 1116 315 1139 ,κ
349 1115 370 1139 *
404 1115 425 1139 »ι
458 1114 480 1139 20<
512 1115 532 1138 *
565 1098 746 1154 agedum
776 1097 898 1152 pulta
928 1096 1023 1137 illas
1053 1096 1176 1138 fores.

130 1159 212 1201 Dic
242 1174 310 1201 me
343 1173 480 1213 orare,
511 1160 560 1198 ut
590 1157 745 1211 aliquis
776 1157 891 1198 intus
921 1155 1098 1211 prodeat
1133 1168 1311 1210 propere
1343 1154 1471 1196 ecius.

187 1399 685 1437 ALGESIMARGHVS.
748 1397 1055 1434 SELENIVM.
1115 1395 1412 1432 MELAEMS

271 1461 582 1498 ADVLESCENS
773 1458 1024 1494 MERETRIX
1212 1457 1343 1494 LENA

131 1547 219 1589 AL.
262 1546 420 1601 Recipe
452 1560 519 1587 me
560 1545 613 1586 ad
648 1547 708 1601 te,
738 1544 873 1601 Mers,
904 1543 1087 1584 amicum
1124 1544 1166 1583 et
1202 1541 1468 1584 beneuolum.

978 1601 1068 1643 SE„
1088 1600 1227 1642 Mater
1251 1614 1356 1656 mea,
1399 1611 1467 1643 640

129 1665 394 1719 Per<i>imus
432 1663 620 1705 miserae.
680 1661 768 1704 AL.
811 1661 968 1703 Vtrum
1009 1660 1089 1702 hac
1124 1674 1192 1701 me
1228 1659 1379 1701 feriam
1415 1673 1469 1700 an

974 1719 1027 1760 ab
1058 1719 1179 1760 laeua
1209 1718 1350 1760 latus?

131 1782 227 1824 ME.
278 1781 390 1831 Quid
433 1781 584 1822 tibist?
659 1780 738 1822 SE.
787 1777 1151 1821 Alcesimarchum
1192 1777 1279 1818 nen
1320 1775 1468 1817 uides?

973 1837 1133 1878 fernim
1164 1838 1310 1877 tenens
1342 1859 1398 1864 -

130 1899 215 1941 AL.
235 1885 403 1954 F'chuid
422 1898 542 1954 agis?
567 1898 809 1939 remorare?
834 1897 978 1938 lumen
996 1896 1155 1995 lingue&
1188 1893 1267 1935 SE.
1287 1891 1466 1948 Amabo,

973 1969 1135 1996 accurn
1157 1968 1196 2008 e,

221 2089 298 2121 631.
338 2096 418 2120 sum
449 2082 520 2119 tibi
550 2085 605 2119 vel
637 2085 723 2118 sunt
752 2082 806 2117 ibi
829 2083 833 2127 Ι
857 2092 1046 2126 sequerem
1075 2082 1241 2126 (sequere
1271 2089 1330 2113 me
1360 2077 1466 2123 B'J)

126 2144 209 2168 mea
239 2134 305 2178 (vel
329 2132 481 2177 meam):
513 2142 592 2166 corr
618 2131 686 2176 Sey
704 2132 715 2175 ΙΙ
735 2133 813 2165 633.
840 2128 1019 2163 indicam:
1045 2138 1125 2163 corr
1149 2125 1240 2161 ΒΞ]
1253 2127 1264 2171 ΙΙ
1284 2128 1362 2161 635.
1389 2135 1464 2159 cre-

124 2179 268 2226 pundia
298 2181 352 2215 vel
382 2177 538 2223 repudia
567 2178 571 2224 Ι
600 2177 736 2212 detulit
759 2177 812 2212 vel
837 2175 966 2211 tetulit
983 2177 995 2220 n
1014 2178 1093 2210 636.
1124 2175 1162 2208 te
1187 2173 1230 2207 ut
1253 2173 1307 2207 vel
1330 2173 1373 2206 ut
1396 2173 1435 2206 te
1452 2171 1465 2218 Η

126 2231 193 2262 637
206 2239 258 2271 sq.
291 2227 359 2261 has
386 2225 477 2260 licas
505 2226 570 2270 (vel
594 2224 736 2270 liscas):
767 2224 832 2258 ubi
857 2224 913 2258 lac
936 2224 1018 2268 siqu
1043 2221 1112 2267 Sey
1142 2222 1154 2265 ΙΙ
1185 2222 1262 2255 640.
1290 2230 1387 2254 mors
1410 2219 1465 2254 vel

124 2286 205 2309 mor
229 2276 240 2320 ΙΙ
266 2277 344 2309 641.
372 2274 447 2308 add
474 2272 554 2307 Gru
578 2272 589 2316 ΙΙ
618 2275 695 2306 642.
721 2271 825 2305 tenet
849 2269 915 2313 B2,
939 2274 981 2305 ut
1000 2269 1067 2304 >vid
1091 2268 1176 2312 (dist
1202 2267 1322 2312 Schoe)
1347 2267 1358 2311 ss
1383 2268 1462 2300 643.

126 2331 310 2356 remorare
335 2321 389 2356 vel
413 2329 671 2354 rememorare:
698 2318 770 2353 dist
795 2317 911 2352 Lamb
929 2318 941 2361 ΙΙ
