1560 2548
620 79 897 116 PRAEFATIO
1387 79 1440 115 IX

15 229 19 234 .
69 194 168 224 rwm
198 179 469 231 Ribbeckium
499 179 572 222 ubi
601 179 1027 231 commemoravimus,
1057 178 1304 232 plerumque
1334 192 1440 221 com-

0 266 14 295 a„
66 239 360 284 mutationem
399 239 658 293 respeximus
700 238 877 281 Nuntiis
919 251 996 281 soc.
1029 237 1185 281 Samon.
1218 242 1243 280 t.
1271 237 1447 280 XXXI

66 301 282 346 insertmn.
315 324 373 330 —
406 299 463 342 16
476 313 538 354 sq.
582 297 728 354 Salus,
771 298 1009 340 ualuistin‘?
1072 296 1218 351 <PA.>
1267 287 1439 340 Ostium

67 358 444 415 occlusissumum,
491 357 612 412 [PA.]
650 357 854 400 Carustne
885 372 916 401 e.
941 372 978 412 q.
1003 371 1034 400 s.
1079 356 1327 401 Schoellius:
1367 357 1440 400 ubi

7 464 9 466 ,
72 418 267 464 Goetzius
297 420 535 463 etiamn-unc
558 419 607 461 de
632 418 785 461 lacuna
810 418 969 472 coyitat.
990 443 1047 448 —
1067 417 1138 459 41.
1167 416 1229 472 Cf.
1253 417 1436 460 Briaeius

0 482 4 510 ’-
67 478 227 523 Annal.
244 478 351 534 phil.
372 482 398 521 t.
415 476 633 521 CXXIII
630 492 676 532 p.
690 479 755 520 50.
773 503 828 507 —
845 478 899 520 72
921 492 982 533 sq.
1018 475 1081 532 Of.
1096 478 1154 520 ad
1168 475 1261 520 Cas.
1271 480 1359 520 128
1377 490 1435 531 sq.

2 546 13 585 ζ’
68 538 195 598 (fasc.
221 538 285 582 II
298 553 344 594 p.
372 537 528 595 VIIl).
550 563 606 568 —
632 539 700 581 76.
731 537 799 580 De
824 537 980 580 cubare
1006 538 1055 592 cf'.
1081 551 1187 591 quae
1211 535 1438 580 Schoellius

0 632 2 634 -
58 600 198 655 praef.
221 597 316 642 Cas.
328 613 374 653 p.
394 597 626 641 XXXIII
643 598 774 641 dixit:
805 611 1060 652 quamquam
1088 595 1287 651 Seyfferto
1320 596 1437 638 cubi-

67 661 160 702 tare
190 672 285 702 cum
308 657 371 701 ΒΕΞ
393 659 655 701 retinendum
679 658 850 700 videtur.
890 656 989 700 Non
1013 657 1295 710 respiciendus
1321 655 1439 710 Spei-

58 719 180 775 jerus
199 718 405 762 Mnemos.
427 722 452 761 t.
467 717 593 760 XVI
604 732 649 772 p.
663 720 758 760 136.
773 742 830 747 ——-
847 718 913 760 78.
938 715 999 771 Cf.
1020 716 1296 759 Buechelerus
1321 715 1438 759 Mus.

0 775 10 835 '⁷
67 778 201 822 Rhen.
221 781 248 821 t.
261 777 383 821 XLI
391 792 438 832 Ρ.
458 781 540 820 311
558 791 642 832 sqq.
657 802 714 807 —
729 776 949 820 96—157.
968 776 1096 818 Hauc
1113 789 1309 818 scamium
1333 790 1439 830 eyre-

3 846 6 847 ’
66 839 135 895 yie
153 839 348 882 tractavit
357 837 632 881 Buechelerus
646 836 762 879 Mus.
777 836 909 879 Rheu.
925 840 949 878 t.
964 835 1183 878 XXXIX
1191 837 1332 889 Ρ.285
1342 849 1440 891 sqq„

0 952 3 957 .
68 911 243 954 quocum
273 901 406 941 mebra
428 898 655 952 praecipue
679 910 871 940 rion.uno
897 896 980 938 loco
1004 897 1263 950 refiuscimus.
1279 921 1335 925 ——
1351 896 1439 938 98².

71 957 213 1014 salue,
238 957 381 1000 §.nime
411 957 485 1014 mi⁷
509 957 524 1013 ΙΙ
547 956 695 999 Liberi
720 957 840 1011 lepos
866 957 987 998 discr.
1014 954 1252 1010 Seyfferius.
1270 980 1326 985 —
1343 955 1441 997 100.

69 1019 210 1061 stacta
227 1017 513 1061 Buechelerus.
529 1042 584 1046 —
602 1017 700 1059 101.
713 1015 781 1058 De
800 1015 983 1057 {zelinum
1002 1016 1051 1069 cf.
1072 1016 1183 1058 idem
1205 1015 1441 1069 Woelfflini

69 1077 196 1120 Arch.
223 1080 248 1119 t.
275 1076 310 1119 I
323 1091 369 1131 p.
395 1079 480 1119 112
492 1090 549 1130 sq.
572 1101 628 1106 —
653 1076 748 1118 102.
777 1075 951 1118 Versum
975 1074 1230 1117 Reiziauum
1247 1075 1440 1129 praefert

70 1135 296 1192 Seyffertus
327 1134 589 1193 (peruelim).
617 1161 673 1165 —
702 1136 786 1178 136
807 1149 868 1190 sq.
905 1134 1040 1188 Quam
1072 1135 1259 1177 dedimus
1291 1135 1437 1177 discri-

60 1198 249 1252 ptionem
278 1197 451 1239 eandem
481 1196 630 1238 codicis
657 1195 813 1238 Veteris
837 1207 921 1237 esse
945 1207 1168 1236 monemus.
1190 1219 1246 1235 ,-
1271 1194 1368 1236 163.
1395 1196 1438 1235 eb

0 1310 1 1313 Ἴ
68 1256 172 1312 (te)
208 1255 317 1298 mihi
355 1257 505 1298 oonbra
542 1255 693 1297 itidem
731 1253 967 1298 Schoellius.
1000 1279 1057 1284 —
1092 1254 1190 1296 164.
1228 1253 1440 1309 retusssssss

38 1366 41 1369 .
67 1315 131 1359 B:
163 1316 272 1358 unde
302 1329 495 1357 recusem
525 1314 596 1357 B2.
630 1340 686 1345 —
722 1315 819 1357 169.
849 1313 974 1356 Duas
1012 1313 1199 1356 lectiones
1237 1314 1433 1368 confusas

67 1389 152 1420 esse
176 1373 310 1433 (Male
334 1375 479 1417 ualere
505 1377 547 1417 ize
572 1390 628 1417 m.
655 1376 823 1431 aegresb
848 1377 887 1416 et
909 1373 1023 1415 Male
1048 1374 1179 1428 uales,
1206 1387 1288 1429 ere,
1315 1373 1432 1428 quod

67 1450 124 1478 m.
155 1433 236 1492 ae.)
267 1438 405 1478 monet
433 1433 669 1489 Seyffertus.
698 1459 754 1464 --
788 1434 886 1476 177.
918 1432 1083 1475 Verum
1114 1435 1257 1475 totum
1289 1433 1434 1475 amere

0 1517 2 1528 ι
67 1495 256 1538 insanire
304 1494 387 1537 1160
437 1497 501 1537 est
551 1492 777 1537 Schoellius
826 1493 912 1536 coll.
955 1492 1086 1536 Merc.
1113 1494 1211 1536 265.
1246 1518 1301 1522 -
1338 1494 1435 1536 178.

67 1555 284 1598 Lactantii
316 1554 539 1597 Firmiaui
570 1554 849 1597 testimonium
880 1551 980 1610 (div.
1007 1554 1102 1595 inst.
1132 1552 1175 1595 V
1193 1551 1265 1609 11)
1298 1552 1442 1595 attulit

70 1613 295 1658 Schoellius
311 1615 450 1668 praef.
473 1612 566 1656 Cas.
587 1628 631 1668 p.
652 1612 872 1655 XXXIV
891 1613 986 1655 hoc:
1020 1612 1111 1654 ‘sua
1137 1612 1222 1654 sibi
1248 1612 1438 1654 habeant

68 1688 203 1731 regna
233 1687 368 1730 reges,
398 1688 496 1715 suas
529 1673 703 1715 diuitias
730 1671 901 1714 diuites’
934 1674 984 1714 ut
1015 1672 1211 1727 loquitur
1242 1671 1436 1728 Plautus,

72 1748 195 1776 suam
219 1747 323 1775 uero
348 1732 622 1788 prudentiam
646 1732 879 1787 prudentes
904 1746 934 1774 e.
948 1746 984 1786 q.
998 1745 1029 1774 s.
1046 1757 1102 1762 ——
1122 1733 1219 1775 186.
1244 1730 1437 1774 Irascare

64 1790 1207 1906 6116ῒῆῗθξξὶἴξξεῑὲὲἓ·ἓξὲζὲῗοὲσέοῐὶῖξῖὲ
1223 1791 1438 1894 esai

72 1913 123 1968 cf.
160 1911 348 1955 Baebius
378 1912 426 1954 iu
457 1909 638 1954 Siudem.
670 1909 786 1954 Stud.
813 1914 837 1953 t.
864 1910 926 1953 II
940 1925 986 1965 p.
1011 1914 1103 1954 224
1135 1912 1232 1954 adu.
1255 1936 1311 1940 —
1339 1910 1438 1952 204.

73 1971 355 2015 Aeditumum
374 1970 584 2013 Plautum
603 1971 761 2013 dedisse
779 1984 872 2013 cum
890 1970 1156 2013 Fleckeiseuo
1176 1974 1331 2013 certum
1355 1983 1439 2012 esse

65 2035 279 2087 putamus.
297 2056 349 2061 ——
367 2031 465 2073 240.
492 2030 559 2073 De
579 2030 809 2072 dierectust
833 2031 910 2073 etsi
934 2031 1119 2073 dubitari
1135 2034 1280 2084 potest,
1301 2033 1439 2072 tamen

73 2105 126 2134 rie
156 2091 378 2146 dirruptus
408 2091 575 2145 quidem
605 2090 715 2144 quod
742 2091 1000 2133 coniecerunt
1028 2088 1186 2133 Onions
1216 2092 1256 2132 et
1285 2089 1451 2145 Nettlef

72 2151 237 2205 shipius
269 2149 433 2194 ‘Jowrii
470 2147 522 2204 of
550 2149 673 2203 phil?
706 2153 730 2192 t.
757 2149 883 2192 XIV
910 2164 955 2204 p.
983 2152 1041 2192 62
1083 2153 1122 2192 et
1157 2148 1255 2191 XV
1282 2163 1327 2202 p.
1353 2152 1440 2191 187

73 2209 195 2254 habet
221 2224 300 2264 quo
332 2210 642 2252 commendetur.
664 2234 720 2239 —-
747 2209 844 2252 243.
877 2208 943 2252 De
980 2209 1142 2250 saltura
1179 2209 1228 2263 cf.
1261 2208 1441 2251 Bueche-

76 2268 186 2312 lerus
217 2268 333 2312 Mus.
366 2269 498 2312 Rhen.
531 2272 556 2311 t.
584 2268 720 2311 XLV
743 2283 787 2322 p.
813 2271 906 2311 159.
953 2294 1008 2298 —
1055 2269 1153 2311 271.
1195 2266 1257 2322 Cf.
1290 2267 1439 2311 Fleck-

74 2329 236 2372 eisenus
279 2328 438 2371 Amicd.
475 2328 580 2383 phil.
620 2332 644 2371 t.
681 2327 877 2371 CXLIX
908 2342 954 2382 p.
986 2331 1086 2371 287.
1127 2352 1183 2357 -
1230 2328 1328 2371 283.
1372 2327 1441 2371 De
