1560 2548
168 112 224 151 14
751 113 925 150 PLAVTI
1238 114 1289 151 =11
1306 99 1499 162 342'16—45
1556 130 1558 134 v

163 217 398 274 Accepitne
429 234 580 262 aurum
611 221 665 263 ab
696 221 867 276 hespite
897 220 1229 264 Archidemide?
1331 221 1333 225 ⁴
1428 233 1498 266 250

166 275 252 319 CH.
282 277 398 334 Heu,
436 280 509 321 cer
537 293 679 321 meum
710 282 752 321 et
783 280 1020 336 cerebrum,
1048 279 1278 336 Nicobule,
1306 279 1498 338 finditur,

163 334 293 378 Istius
323 336 508 379 hominis
538 337 615 380 iibi
644 338 695 379 fit
727 353 937 393 quomque
968 338 1140 381 mentio.

163 394 259 436 Tun
287 394 504 449 hespitem
534 396 656 438 illum
684 396 879 438 neminas
909 397 1077 439 hostem
1105 397 1254 440 tuom?

162 452 236 495 NI.
257 452 366 503 Quid
383 454 455 509 ita,
476 455 651 508 epsecro
670 455 842 497 hercle?
875 454 960 497 CH.
980 454 1086 506 Quia
1099 456 1250 511 edepol
1263 457 1378 499 certe
1397 456 1498 512 scio,

162 510 396 568 Volcanus,
425 512 565 568 Luna,
596 512 690 569 Sel,
720 513 840 569 Dies,
872 513 939 555 dei
970 515 1182 570 quettuor,
1427 525 1495 558 255

164 569 459 612 Scelestiorem
488 571 656 613 millum
685 571 876 614 inluxere
908 572 1098 615 alterum.

162 627 237 670 NI.
269 628 458 678 Quamne
489 618 861 672 Archidemidem?
911 630 996 673 GH.
1028 630 1172 687 Quam,
1203 631 1389 688 inquam,
1418 630 1496 674 Ar-

1005 689 1292 731 chidemidem.

162 744 236 788 NI.
257 744 366 795 Quid
377 746 511 788 fecit?
543 745 628 788 CH.
649 746 759 796 Quid
769 762 856 789 non
867 746 998 789 fecit?
1023 747 1125 802 quin
1143 750 1191 789 tu
1203 747 1247 789 id
1259 749 1327 790 me
1339 749 1496 805 rogas?

162 803 456 846 Primumdum
486 805 644 847 infitias
674 805 736 847 ire
768 805 908 860 coepit
937 805 1041 861 fflio,

131 903 133 906 .
161 861 332 918 Negare
364 878 407 905 se
439 863 593 905 debere
624 863 707 905 tibi
737 863 982 906 triebulum.
1424 875 1494 908 260

164 919 374 963 Continuo
406 921 626 976 antiquom
653 927 658 971 Ι
685 922 901 976 hespitem
929 924 1122 963 nostrum
1152 921 1237 964 sibi

161 979 450 1021 Mnesilochus
482 980 724 1036 aduocauit,
754 980 1012 1036 Pelagonem
1041 994 1201 1022 senem:

162 1037 228 1079 Eo
259 1039 482 1092 praesente
512 1038 675 1080 homini
707 1039 921 1093 extemplo
953 1038 1138 1080 ostendit
1169 1038 1422 1095 symbolum,

163 1095 298 1146 Quem
328 1099 420 1138 tute
452 1097 624 1139 dederas
655 1097 708 1138 ad
739 1112 834 1138 eum
864 1099 913 1138 ut
942 1097 1072 1138 ferret
1101 1096 1206 1139 filio.

161 1153 235 1196 NI.
268 1154 393 1210 Quid,
422 1155 499 1197 iibi
530 1155 569 1197 ei
595 1155 779 1197 ostendit
803 1154 1071 1211 symbolum?
1121 1154 1206 1197 CH.
1231 1153 1330 1198 Infit
1356 1155 1493 1198 dicere

161 1212 462 1256 Adulterinum
493 1215 535 1255 et
564 1216 651 1256 nen
683 1229 779 1255 eum
810 1228 899 1255 esse
930 1213 1192 1267 symbolum:
1424 1226 1491 1258 266

141 1271 358 1326 ¹Quotque
387 1271 603 1314 innocenti
635 1272 673 1313 ei
705 1271 813 1313 dixit
843 1271 1130 1314 contumelias.

161 1329 413 1372 Ad1ilterare
445 1345 541 1372 eum
571 1330 689 1372 aibat
718 1331 847 1372 rebus
878 1330 1040 1372 ceteris.

161 1387 235 1430 NI.
265 1388 457 1431 Habetin
486 1388 664 1430 aurum?
691 1391 697 1440 Ι
723 1388 768 1430 id
797 1388 903 1430 mihi
935 1388 1020 1431 dici
1047 1388 1157 1430 uolo.

163 1446 248 1488 CH.
273 1447 506 1501 Postquam
532 1447 701 1502 quidem
725 1449 898 1502 praetor
921 1447 1240 1501 recuperatores
1265 1446 1391 1503 dedit,
1422 1458 1492 1490 270

159 1505 396 1546 Damnatus
428 1505 612 1560 demum,
643 1505 691 1546 ui
719 1507 888 1547 coactus
918 1505 1100 1547 reddidit

160 1563 376 1605 Ducentes
407 1565 450 1604 et
479 1563 595 1605 mille
626 1562 888 1618 Philippum.
947 1562 1021 1606 NI.
1052 1563 1236 1605 Tantum
1267 1563 1426 1605 debuit.

161 1621 246 1663 GH.
286 1621 418 1663 Porro
450 1621 579 1663 etiam
609 1622 800 1663 ausculta
835 1625 1025 1678 pugnam
1057 1636 1183 1679 quam
1213 1621 1350 1663 uoluit
1381 1621 1490 1664 dare.

157 1679 231 1722 NI.
277 1679 517 1721 Etiemnest
564 1680 666 1735 quid
714 1680 872 1735 porro?
954 1679 1039 1722 GH.
1088 1680 1191 1735 Em,
1243 1679 1491 1735 accipitrina

999 1739 1103 1781 haec
1131 1741 1245 1780 nunc
1275 1738 1366 1780 erit.

155 1795 230 1838 NI.
255 1795 472 1851 Deceptus
492 1811 605 1839 sum:
629 1796 842 1851 Autolyco
861 1797 1025 1852 hespiti
1044 1811 1192 1838 aurum
1211 1796 1378 1839 credidi.
1420 1807 1488 1838 275

159 1853 244 1896 CH.
276 1854 387 1904 Quin
410 1857 458 1895 tu
484 1855 598 1897 audi:
628 1880 683 1886 --
715 1855 788 1898 NI.
818 1854 952 1897 Immo
983 1855 1202 1911 ingenium
1232 1854 1345 1896 auidi
1374 1853 1489 1895 haud

465 1920 467 1923 ’
997 1928 1223 1968 pernoram
1251 1911 1446 1967 hespitis.

156 1969 243 2012 CH.
280 1971 514 2026 Postquam
550 1975 700 2013 aurum
731 1971 1002 2027 abstulimus,
1037 1971 1083 2013 in
1111 1985 1264 2013 nauem
1295 1972 1488 2013 conscen-

997 2030 1135 2071 dimus

155 2087 287 2129 Domi
315 2087 543 2142 cupientes.
588 2088 699 2130 ferte
731 2091 779 2130 ut
810 2088 953 2130 adsedi
981 2087 1029 2130 in
1060 2090 1189 2143 stega,

154 2145 269 2188 Dum
301 2144 626 2201 circumspecto,
654 2151 660 2197 Ι
688 2147 815 2201 etque
847 2161 926 2202 ego
958 2146 1147 2188 lembum
1178 2144 1401 2199 censpicor

249 2253 327 2284 252.
343 2260 505 2294 quaque:
519 2249 837 2296 corrLamb11255.
853 2248 909 2284 sol
921 2248 1026 2283 luna:
1038 2248 1113 2284 trai
1127 2247 1211 2293 ΘΜ]
1225 2248 1234 2291 U
1251 2251 1330 2284 268.
1345 2246 1485 2283 aiebat:

154 2306 235 2331 corr
257 2295 341 2342 Gay
359 2298 372 2340 ΙΙ
390 2300 468 2332 274.
490 2296 616 2340 accipe
635 2295 751 2330 trina:
771 2307 850 2331 corr
865 2295 976 2332 Herm
994 2296 1006 2340 ΙΙ
1024 2298 1102 2330 275.
1122 2293 1296 2330 auiolico:
1316 2305 1396 2331 corr
1410 2293 1460 2330 Ga
1474 2293 1487 2342 Η

154 2346 233 2378 278.
260 2343 426 2379 domum:
451 2353 531 2379 corr
554 2343 635 2388 Riss
