1572 2580
192 111 243 147 VI
715 114 987 151 PRAEFATIO

193 219 390 262 classium
428 219 660 275 scripturas
695 221 788 263 BD
819 223 862 263 et
900 221 987 264 VE
1013 222 1080 264 vel
1109 222 1198 266 Ε]
1223 223 1291 265 vel
1325 223 1387 266 E:
1421 236 1522 265 nam

192 278 267 319 ubi
307 278 348 320 V
371 281 541 333 praesto
571 294 658 321 non
688 282 770 335 est,
800 280 970 334 saepius
1001 295 1053 323 ex
1077 295 1161 324 uno
1185 282 1232 324 E
1251 281 1522 324 iudicandum

193 351 302 391 esse,
333 351 427 378 cum
458 337 504 379 in
532 337 572 380 J
594 338 722 379 latius
753 341 930 394 evagata
961 338 1016 381 sit
1046 339 1340 394 interpolatio,
1375 354 1429 383 ex
1460 339 1522 382 eis

192 394 298 449 ipsis
329 395 524 450 partibus
556 397 738 450 probare
769 411 1012 452 possumus,
1043 398 1118 440 ubi
1156 398 1199 440 V
1221 398 1392 441 accedit.

308 453 471 495 Deinde
502 457 626 496 notas
658 455 826 496 criticas
855 455 933 497 has
963 456 1232 502 adhibemus:

288 514 292 566 Ι
361 513 414 554 ad
444 513 703 555 denotandos
733 513 875 555 hiatus
903 528 990 556 non
1019 513 1296 572 legitimos-1³¹³).

278 571 309 625 †
363 571 415 612 ad
446 571 729 626 corruptelam
763 571 850 613 sive
880 573 1107 615 verborum
1137 573 1225 615 sive
1260 573 1387 616 metri
1417 573 1521 616 indi·

366 630 551 671 eandam.

278 702 300 727 *
361 688 414 729 ad
438 688 609 731 lacunas
634 688 861 744 signandas
886 687 988 746 (nisi
1013 704 1152 732 moras
1177 686 1420 732 deficientes
1443 705 1522 745 per

365 774 389 790 o
419 749 461 788 et
492 787 513 790 -
544 745 851 804 apposuimus).

263 804 280 860 [
304 805 322 860 ]
363 805 416 846 ad
440 805 637 846 delendas
661 805 826 847 litteras
851 806 1038 860 syllabas
1062 820 1186 848 voces
1206 820 1409 861 personas
1428 820 1521 861 per-

367 877 513 918 peram
542 863 721 905 traditas
751 864 982 906 maioresve
1013 864 1374 919 interpolationes.

263 921 280 977 (
305 920 323 978 )
363 922 416 962 ad
452 922 725 964 secludendos
760 937 906 964 versus
943 937 994 964 ex
1031 923 1323 979 dittographia
1358 923 1427 965 vel
1459 938 1519 965 re-

365 980 617 1022 tractatione
649 981 837 1022 scaenica
867 983 995 1023 ortos.

250 1038 277 1092 <
302 1039 328 1092 >
361 1038 413 1079 ad
442 1038 730 1094 insigniendas
760 1039 926 1081 litteras
956 1039 1142 1094 syllabas
1169 1054 1292 1082 voces
1317 1054 1520 1095 personas

365 1099 512 1138 contra
541 1097 675 1139 libros
706 1097 935 1152 suppletas.

269 1161 311 1203 ³!ss
361 1155 414 1195 ad
444 1155 779 1197 adumbrandum
810 1154 1054 1212 (personae)
1092 1156 1279 1211 spatium
1314 1156 1359 1198 in
1390 1156 1519 1198 libro—

365 1228 459 1254 rum
490 1214 709 1268 scriptura.

309 1271 539 1325 Scripturis
569 1287 594 1312 a
623 1275 825 1313 contextu
857 1272 1197 1327 discrepantibus
1221 1272 1288 1314 vel
1316 1273 1451 1329 signis
1473 1273 1518 1315 in

192 1332 394 1372 contextu
418 1330 471 1371 ad
495 1330 774 1371 mutationem
798 1330 1062 1372 indicandam
1087 1330 1292 1372 adhibitis
1315 1331 1391 1372 ubi
1410 1331 1519 1373 nihil

191 1388 380 1430 additum
406 1388 496 1442 est,'
517 1388 570 1428 ad
593 1387 724 1429 Italos
749 1388 884 1429 redire
909 1389 1188 1430 mutationem
1214 1388 1428 1431 sciendum
1453 1393 1517 1432 est

192 1445 286 1503 (ubi
318 1449 485 1500 praeter
515 1446 700 1488 codicem
730 1446 995 1500 Lipsiensem
1019 1447 1066 1488 F
1083 1449 1127 1488 et
1151 1447 1380 1489 editionem
1403 1448 1515 1502 prin-

192 1505 329 1560 cipem
354 1505 397 1546 Z
415 1504 627 1546 interdum
652 1505 830 1546 aliorum
856 1505 1066 1546 editorum
1096 1505 1339 1547 testimonia
1370 1506 1420 1548 de
1448 1521 1515 1548 co-

192 1563 357 1605 dicibus
388 1563 656 1617 interpolatis
686 1563 949 1617 respicienda
974 1562 1124 1618 erant).
1180 1563 1407 1618 Ceteroqui
1437 1564 1516 1606 lib—

191 1636 331 1663 rorum
353 1621 573 1675 scripturis
592 1636 669 1675 per
688 1619 862 1678 colon(:)
887 1622 1078 1663 discretis
1096 1622 1142 1663 in
1159 1622 1432 1664 adnotatione
1449 1623 1516 1665 vel

191 1694 268 1734 per
306 1680 426 1735 signa
462 1694 589 1733 supra
626 1679 767 1734 posita
803 1680 1042 1734 conspicuis
1084 1694 1162 1735 per
1196 1680 1396 1738 voces'ffi‘)
1434 1695 1518 1724 cor-

189 1739 345 1792 r(eoeit)‚
366 1738 571 1792 tramea),
590 1738 799 1792 addadit),
824 1739 1070 1793 suppffevit),
1090 1739 1281 1794 domavit),
1305 1739 1514 1795 &effusi-15),

191 1797 421 1851 lammam)
451 1797 678 1851 siynwvit),
709 1797 948 1851 distffinxit),
979 1797 1224 1851 disci-(ipsit)
1248 1797 1517 1840 adiunximus

189 1855 361 1896 nomina
393 1857 684 1896 correctorum.
738 1854 804 1895 Ex
836 1855 991 1909 quibus
1021 1855 1124 1896 haec
1154 1869 1232 1910 per
1267 1856 1515 1911 compendia

307 2004 338 2048 ¹⁸)
364 2004 516 2048 Saepius
543 2014 630 2038 sane
657 2003 819 2038 dubitari
843 2006 968 2049 potest
993 2016 1151 2049 quonam
1175 2004 1408 2049 potissimum
1431 2006 1512 2040 loeo

189 2051 259 2085 hoc
299 2050 443 2096 signum
479 2052 690 2095 ponendum
726 2050 838 2085 fuerit
876 2051 991 2094 (velut
1015 2052 1146 2096 Amph.
1169 2055 1234 2086 108
1270 2053 1391 2086 utrum
1427 2055 1514 2096 post

185 2102 310 2143 petaso
335 2108 381 2131 an
405 2102 492 2142 post
520 2099 662 2142 siynum
690 2096 815 2131 hiatus
842 2097 904 2140 sit)
936 2098 1108 2142 idemque
1138 2098 1322 2133 interdum
1349 2098 1451 2133 cadit
1473 2098 1512 2133 in

190 2143 420 2235 comffiielgff
445 2144 996 2235 hiariiaiiiunjdcdgitaizompendia
1033 2196 1141 2236 (quae
1177 2190 1362 2226 interdum
1396 2190 1511 2225 etiam

189 2241 383 2272 correctum
408 2239 596 2273 traiectum
620 2238 689 2272 etc,
710 2237 947 2281 significant),
973 2237 1028 2272 ita
1046 2237 1291 2283 explicatione
1309 2248 1384 2272 non
1402 2240 1512 2282 egent

189 2283 377 2318 tralaticia
412 2281 479 2319 illa
516 2285 560 2328 cf.
596 2285 633 2318 et
656 2294 703 2329 sq.
735 2283 795 2318 vel
824 2295 894 2329 sqq.
921 2285 958 2318 et
981 2295 1006 2319 s.
1033 2297 1065 2320 v.
1097 2285 1135 2319 et
1164 2295 1220 2320 om
1250 2285 1288 2319 et
1312 2295 1438 2329 praem
1474 2284 1512 2318 et

189 2341 309 2375 compr
334 2332 372 2365 et
391 2342 476 2375 pers
501 2332 539 2366 et
562 2335 644 2376 spat
669 2331 707 2365 et
729 2331 791 2365 vid
817 2330 1036 2374 similiaque.
