1572 2580
177 108 266 146 VIII
708 111 976 149 PRAEFATIO

177 216 277 258 dum
302 215 402 274 (riou
426 217 539 260 absit
563 218 576 271 ΙΙ
599 217 731 276 Dum)
756 221 873 262 diser.
893 221 1016 262 etiam
1038 220 1090 262 B.
1109 245 1167 251 —
1188 222 1282 264 727.
1311 220 1373 276 ΟΥ.
1397 221 1508 265 Acro

176 277 247 329 qui
261 276 393 329 fertur
411 277 468 319 ad
483 277 585 319 Hor.
605 291 635 319 e.
649 278 683 319 I
692 281 757 329 13,
770 282 808 320 4.
822 303 880 308 —
894 279 988 321 797.
1014 281 1113 333 posi:
1131 279 1239 322 hanc
1258 277 1361 336 (seit.
1381 279 1507 323 cistu-

176 332 279 390 lam)
320 333 554 389 Speriyelius
593 337 650 378 ad
686 337 773 379 Ter.
798 337 878 379 Ad.
903 339 993 379 135.
1024 361 1082 368 —
1113 338 1208 380 873.
1251 339 1408 381 memet
1453 341 1502 380 1st

177 392 321 447 &coepi
350 394 617 445 recitandum,
653 396 737 437 uisi
767 395 863 436 med
892 397 1124 449 reposueris.
1155 421 1214 426 —
1246 397 1342 440 884.
1373 396 1427 438 ad
1457 411 1508 440 eoe

177 450 220 492 a}
248 454 379 493 ortum
409 455 653 495 eorreetwrae
682 454 908 506 deperditae
936 455 1147 508 vestiyium
1170 468 1254 498 esse
1275 456 1508 509 suspicatur

177 507 406 563 Seyffertus.
433 535 487 540 —-
514 511 610 553 894.
637 511 855 554 Noluimus
880 512 1000 554 illae:
1031 514 1080 566 ef.
1100 516 1222 565 1002,
1247 513 1298 555 al.
1324 537 1384 544 —
1407 513 1505 557 973.

177 567 425 623 diligentem
455 568 631 623 proinde
669 572 716 611 uf.
747 569 982 612 Skutsehius
1014 570 1209 613 ‘Forseh.'
1236 571 1270 614 I
1277 585 1323 626 p.
1349 574 1414 614 86.
1446 596 1505 603 -

177 627 274 669 978.
315 627 381 668 Ab
412 629 523 669 omui
551 629 708 670 ratione
743 629 941 680 abhorret,
978 631 1086 683 quod
1113 629 1302 672 Faciam
1331 629 1505 686 (Nonii)

177 685 445 727 adhibuerunt
474 687 660 728 editores:
690 700 772 729 riori
796 689 894 739 ideo⁷
924 689 1031 741 quod
1049 688 1172 742 facile
1194 689 1310 731 nasei
1325 689 1509 742 potuerit

177 757 225 785 ex
259 745 437 796 sequenti
472 742 852 802 am(phitruonem)
888 746 1045 800 syllaba
1070 771 1125 776 —
1156 760 1260 801 quae
1293 747 1343 789 L.
1369 746 1508 789 Muel-

177 801 251 843 leri
279 803 476 844 sententia
504 807 563 845 est
589 804 717 845 nihilo
747 805 884 846 miuus
914 804 998 846 iam
1028 804 1168 859 (iam)
1198 806 1410 859 inferentis
1436 830 1506 857 --,

176 861 247 902 sed
275 861 374 913 quia
403 865 537 914 aperte
573 861 725 904 faciam
755 866 793 904 et
820 862 880 904 Vt
910 863 1036 904 abeat
1073 863 1255 906 lectiones
1289 865 1506 907 cohaerent.

179 944 233 948 -—
268 919 391 960 1021.
423 918 560 968 Quid?
593 920 686 976 ‘ego
718 920 855 962 sum'?
886 922 976 963 dist.
1009 920 1239 975 Seyffertus.
1269 947 1330 953 —
1355 923 1506 976 fraqm.

176 975 247 1019 VI.
273 977 370 1032 plus
397 978 568 1020 effodjto
594 980 686 1020 trai.
713 978 942 1022 Schoellius.
967 1005 1025 1010 ——
1046 981 1194 1034 fraym.
1220 979 1331 1023 XVI.
1358 980 1509 1023 cuius?

179 1050 284 1090 quae
322 1034 591 1078 Stowasserus
626 1038 673 1078 iri
717 1038 946 1091 Woelfflini
981 1038 1134 1081 Archio
1158 1039 1218 1081 II
1234 1053 1278 1092 p.
1298 1040 1382 1082 225
1411 1040 1505 1082 adn.

179 1094 268 1135 eius
311 1109 417 1148 quae
455 1094 684 1149 Seyffertus.
715 1121 773 1125 —
812 1097 934 1139 1038.
978 1096 1212 1139 aduocato?
1254 1097 1358 1152 quin
1398 1095 1444 1155 (i.
1476 1111 1507 1140 e.

179 1151 324 1209 quine)
365 1153 450 1194 utri
609 1154 750 1195 nescio
787 1156 877 1196 dist.
918 1153 1148 1209 Seyffertus.
1179 1180 1238 1186 —
1270 1156 1394 1199 1060.
1437 1170 1507 1197 ne-

179 1211 288 1252 eulla
318 1211 385 1265 (ut
414 1212 528 1253 Tria.
553 1213 661 1266 282)
698 1212 956 1255 Redslobius:
996 1215 1169 1267 fortasse
1205 1217 1317 1266 reete,
1366 1215 1406 1256 si
1444 1216 1510 1256 est

179 1270 320 1311 deleas.
354 1295 407 1299 —
443 1270 567 1312 1071.
596 1270 815 1331 &uidimus
844 1271 902 1322 B,
934 1286 1016 1314 non
1045 1272 1275 1326 §uidimusb
1306 1276 1353 1314 ut
1381 1270 1508 1326 Spen—

174 1328 303 1382 9etius
327 1330 545 1370 emiteridit:
575 1333 693 1382 atque
717 1329 1003 1383 praeuidimus
1028 1328 1104 1386 (sie
1127 1329 1194 1386 E)
1222 1330 1402 1372 alienum
1426 1343 1510 1373 esse

177 1401 205 1427 a
236 1386 386 1428 Plauto
421 1390 554 1428 mouet
582 1386 812 1440 Seyffertus.
847 1413 899 1417 —
934 1388 1057 1430 1125.
1095 1387 1139 1430 Si
1174 1388 1274 1430 lieet
1311 1389 1434 1431 etiam
1462 1389 1509 1431 D

178 1449 269 1487 teste
300 1443 583 1487 Studemurido.
614 1470 672 1475 —
704 1446 827 1488 1138.
860 1445 985 1496 duos,
1016 1460 1098 1488 riori
1123 1446 1229 1498 duo,
1260 1447 1384 1489 etiam
1412 1446 1509 1489 BD

177 1517 268 1545 oum
304 1502 395 1545 Ε]
430 1501 497 1559 (ef.
539 1502 837 1546 Studemuridus
879 1505 925 1546 iri
976 1504 1205 1558 Woelfflirii
1243 1505 1396 1547 Archio
1427 1505 1515 1547 III

173 1576 204 1615 p
292 1560 576 1661 A)SINARIA.
635 1621 698 1662 11.
733 1620 793 1674 Cf.
815 1620 1085 1663 -Bueehelerus
1111 1621 1224 1664 Mus.
1244 1621 1373 1664 Rhea.
1395 1622 1515 1664 XLI

170 1693 213 1732 p.
233 1681 299 1720 12.
319 1703 374 1708 —
400 1679 467 1719 41.
499 1678 597 1720 uolo
622 1703 681 1708 —
703 1680 795 1721 dist.
822 1678 1050 1732 Seyffertus.
1071 1704 1130 1710 --
1154 1680 1221 1722 52.
1256 1681 1370 1735 quod
1386 1683 1509 1725 amat

176 1737 399 1779 Lorerieius
443 1738 486 1778 iri
526 1737 649 1778 Burs.
680 1737 834 1779 Armal.
866 1737 900 1778 I
914 1751 957 1790 p.
985 1738 1068 1779 975
1079 1751 1135 1791 sq.
1179 1740 1291 1790 adn„
1335 1740 1510 1793 fortasse

175 1799 296 1837 reete:
336 1798 434 1836 certe
463 1809 546 1836 non
574 1797 757 1848 procedit
784 1795 945 1837 Blassii
980 1797 1086 1838 ratio
1124 1797 1175 1838 ab
1211 1798 1300 1850 ipso
1335 1797 1510 1851 aliisque

176 1855 339 1907 saepius
369 1854 655 1895 commendata.
687 1878 744 1883 —
777 1854 870 1895 105.
902 1854 1036 1896 Errat
1066 1855 1290 1897 Vahleuus:
1320 1869 1420 1897 nam
1443 1857 1509 1898 de-

173 1914 301 1966 fectus
319 1915 453 1965 aperte
477 1912 657 1954 cohaeret
678 1926 768 1953 eum
797 1927 833 1953 v.
856 1913 911 1954 85
937 1910 1082 1969 (quare
1103 1913 1190 1955 illie
1213 1913 1296 1955 tibi
1314 1915 1402 1956 iam
1424 1927 1508 1956 non

170 1974 357 2024 praestat
392 1971 519 2012 cuivis
554 1970 631 2011 alii
669 1970 958 2023 supplemento,
1000 1971 1108 2014 vetut
1148 1970 1337 2029 domum)
1357 1986 1372 2013 .·
1401 1973 1509 2015 unde

176 2028 314 2082 <Quid
356 2029 474 2080 83139)
518 2028 620 2083 quid
662 2028 697 2069 si
738 2029 1006 2081 supplendum
1055 2044 1145 2072 eum
1187 2030 1399 2072 Redslobio
1447 2029 1510 2072 vel

177 2087 293 2141 (DE.
326 2087 464 2136 Quid?
494 2086 588 2140 LI.)
619 2086 728 2136 Quid
760 2087 805 2128 si.
839 2087 971 2129 Porro
1001 2103 1035 2130 v.
1063 2089 1148 2131 280
1178 2090 1216 2131 si
1246 2089 1418 2142 defectus
1447 2102 1508 2131 eo-

175 2146 313 2187 haeret
339 2159 428 2187 eum
458 2160 492 2186 v.
519 2146 603 2187 263
629 2143 1000 2202 (auspici<oque>)
1032 2147 1220 2200 suppleas
1249 2146 1356 2189 vebat
1376 2145 1509 2188 Erum

177 2203 333 2257 <rem>.
387 2204 579 2245 Fortasse
603 2205 725 2245 etiam
753 2219 787 2245 v.
817 2204 898 2245 709
925 2208 964 2246 et
987 2206 1084 2260 728,
1110 2206 1190 2248 711
1219 2208 1257 2247 et
1281 2205 1365 2247 730
1389 2205 1509 2247 detri-

176 2266 312 2303 menta
340 2262 417 2304 hue
448 2263 694 2304 revocanda:
732 2276 780 2303 ae
809 2263 856 2304 de
885 2277 919 2304 v.
943 2263 1026 2305 756
1042 2278 1132 2318 sqq.
1163 2267 1202 2305 et
1231 2264 1314 2306 778
1329 2277 1422 2317 sqq.
1459 2264 1508 2316 ef.

176 2319 396 2363 Sehoellius
426 2320 581 2362 Annal.
614 2320 795 2362 Heidelb.
821 2334 861 2362 ri.
889 2320 949 2362 II
958 2335 1003 2373 p.
1023 2325 1088 2363 41.
1120 2346 1178 2352 ——
1211 2322 1307 2364 108.
1339 2320 1510 2363 ambula
