1560 2548
207 84 312 119 XXX
597 84 892 121 TESTIMONIA
916 80 1150 122 VETERVM

209 190 453 233 Afranium:
490 206 590 233 nam
619 191 665 233 hi
695 191 879 233 maxime
910 206 961 233 ex
993 192 1190 235 omnibus
1219 193 1423 236 membris
1452 208 1558 236 uer-·

211 264 335 292 suum
367 250 507 306 [colis]
541 249 633 307 (del.
660 249 905 292 Schoellz'us:
935 250 1112 305 <uelut>
1143 251 1248 294 colis
1271 250 1456 308 Keibbus)
1486 252 1542 294 ab

211 308 279 350 his
310 309 517 363 separatis
546 309 724 350 licenter
754 308 819 357 usi
850 308 1122 363 reperiuntur
1151 309 1197 351 in
1227 309 1438 352 clausulis.

327 366 485 409 LXVII
514 367 750 409 VELLEIVS
778 367 1082 410 PATERCVLVS
1112 368 1223 410 Hist.
1247 369 1544 421 rom.117,1.·

210 441 310 467 nam
339 426 422 467 nisi
454 440 603 480 aspera
634 440 682 467 ac
711 425 832 467 rudia
862 428 1031 480 repetas
1062 429 1105 468 et
1134 426 1299 469 inuenti
1335 427 1544 469 laudanda

211 484 382 526 nomine
419 484 463 525 in
493 484 623 526 Accio
655 483 848 538 circaque
883 499 979 526 eum
1007 484 1199 526 Romana
1228 485 1448 542 tragoedia
1478 489 1544 528 est

213 543 438 598 dulcesque
469 542 610 584 Latini
640 542 800 597 leporis
830 541 1006 584 facetiae
1037 557 1115 597 per
1139 542 1368 586 Caecilium
1391 544 1543 586 Teren-

213 601 404 656 tiumque
448 604 490 643 et
528 600 752 643 Afranium
795 601 970 656 subpari
1012 604 1150 644 aetate
1191 602 1413 645 nituerunt
1455 602 1560 658 [ubi-

212 659 411 701 Plautum
432 660 632 702 inserebat
648 659 808 711 Iam'us,
833 659 1020 701 Plautini
1039 660 1199 727 leporis
1223 675 1322 703 corr.
1341 661 1544 713 Haasius,

213 718 413 760 Plautum
430 719 536 760 inter
554 733 704 772 aspera
721 733 769 759 ac
788 718 908 759 rudia
926 720 1137 760 numerari
1156 721 1284 762 sensit
1299 719 1542 775 Hamptius}

328 776 506 818 LXVIII
536 776 867 826 QVINTILIANVS
883 778 984 819 msc.
1004 791 1059 819 or.
1080 777 1128 818 X
1142 781 1179 828 1,
1199 781 1277 820 99:
1307 778 1353 819 in
1377 792 1543 820 comoe—

214 835 283 876 dia
323 836 506 877 maxime
550 835 841 876 claudicamus.
913 835 1013 877 licet
1054 835 1189 878 Varro
1237 835 1381 878 Musas
1428 836 1542 879 Aelii

214 893 390 936 Stilonis
433 894 643 936 sententia
684 893 882 935 Plautino
931 894 1042 936 dicat
1089 908 1280 936 sermone
1327 895 1543 937 locuturas

212 952 361 1007 fuisse,
399 952 434 993 si
465 952 596 994 latine
626 952 744 1006 loqui
776 952 951 1006 uellent,
987 952 1088 994 licet
1119 951 1348 995 Caecilium
1377 957 1543 995 ueteres

211 1011 411 1052 laudibus
453 1011 609 1066 ferant,
651 1011 752 1051 licet
793 1010 963 1052 Terenti
1006 1010 1166 1065 scripta
1205 1011 1259 1052 ad
1299 1011 1542 1067 Scipionem

212 1069 460 1111 Africanum
490 1070 727 1111 referantur
757 1068 884 1125 (quae
909 1072 1052 1111 tamen
1082 1071 1181 1111 sunt
1210 1069 1256 1112 in
1279 1069 1361 1112 hoc
1387 1085 1541 1126 genere

214 1127 529 1184 elegantissima
560 1130 602 1168 et
632 1127 730 1181 plus
755 1127 891 1168 adhuc
921 1127 1122 1169 habitura
1151 1128 1332 1184 gratiae,
1362 1128 1398 1170 si
1429 1129 1542 1171 intra

213 1201 361 1228 uersus
403 1186 619 1227 trimetros
661 1184 917 1241 stetissent):
956 1186 1030 1227 uix
1068 1186 1207 1228 leuem
1245 1187 1543 1242 consequimur

213 1245 424 1299 umbram,
462 1245 565 1286 adeo
603 1246 651 1285 ut
687 1244 791 1285 mihi
829 1258 964 1286 sermo
995 1244 1087 1299 ipse
1117 1244 1334 1286 Romanus
1363 1259 1451 1287 non
1479 1260 1540 1287 re-

214 1304 354 1357 cipere
386 1302 580 1344 uideatur
609 1302 726 1343 illam
757 1302 857 1344 solis
886 1317 1125 1344 concessam
1149 1303 1308 1344 Atticis
1332 1317 1540 1359 uenerem,

214 1377 310 1403 cum
350 1376 441 1402 eam
479 1376 532 1402 ne
573 1360 721 1402 Graeci
761 1360 930 1415 quidem
970 1361 1015 1402 in
1054 1361 1137 1402 alio
1176 1375 1331 1416 genere
1369 1361 1540 1418 linguae

213 1419 489 1462 obtinuerint.

326 1477 462 1519 LXIX
491 1477 683 1518 FRONTO
709 1477 819 1530 epist.
846 1478 902 1518 ad
927 1476 1038 1519 Caes.
1065 1477 1185 1519 11⁷3
1202 1491 1247 1531 p.
1267 1481 1325 1520 62
1348 1478 1425 1520 N..-
1455 1478 1539 1520 rari

213 1536 438 1578 admodum
462 1539 655 1576 ueterum
678 1535 932 1588 scriptorum
952 1535 996 1576 in
1015 1549 1111 1576 eum
1128 1535 1319 1577 laborem
1338 1536 1540 1579 studium-

214 1610 294 1649 que
333 1597 374 1636 et
410 1594 645 1648 periculum
682 1593 814 1634 uerba
850 1593 1149 1635 industriosius
1185 1594 1412 1648 quaerendi
1449 1609 1539 1636 sese

213 1653 457 1695 commisere
477 1686 485 1694 .
506 1686 514 1693 .
535 1686 542 1693 .
564 1687 571 1694 .
591 1654 812 1706 poetarum
843 1651 1024 1693 maxime
1049 1652 1226 1694 Plautus
1250 1652 1385 1694 multo
1410 1653 1540 1694 maxi-

212 1726 363 1766 meque
388 1710 551 1752 Ennius
571 1744 578 1751 .
600 1744 607 1751 .
629 1744 636 1752 .
658 1724 762 1751 ,nec
786 1724 871 1751 non
895 1709 1095 1766 Naeuius,
1125 1711 1357 1766 Lucretius,
1384 1710 1540 1753 Accius

213 1770 353 1823 etiam,
386 1769 601 1823 Caecilius,
634 1768 839 1809 Laberius
871 1782 1049 1822 quoque.

328 1827 443 1869 LXX
461 1827 653 1868 FRONTO
673 1828 721 1868 de
738 1830 836 1868 orat.
856 1827 928 1868 sub
945 1828 1222 1880 finemp 162
1235 1827 1311 1869 N.:

213 1901 347 1943 genus
379 1886 606 1927 uerborum
636 1884 789 1926 Accius
820 1884 998 1926 Plautus
1028 1900 1154 1926 sanus

329 1943 465 1986 LXXI
497 1943 697 1985 GELLIVS
729 1943 783 1985 N.
813 1943 866 1984 A.
901 1943 969 1984 VI
991 1943 1127 1998 (VII)
1157 1947 1222 1995 17,
1248 1947 1298 1985 4:
1329 1943 1455 1985 didici
1486 1959 1538 1986 ex

213 2007 256 2045 te
288 2006 330 2044 et
362 2003 467 2044 scire
497 2016 609 2043 nunc
641 2002 779 2056 coepi,
818 2001 929 2066 quod
964 2016 1050 2043 non
1087 2016 1166 2057 ego
1198 2002 1387 2043 omnium
1423 2002 1538 2043 solus

213 2065 262 2103 ut
298 2061 381 2103 tibi
418 2076 510 2102 sum
547 2060 664 2101 uisus
703 2060 916 2115 ignoraui,
956 2060 1028 2100 sed
1066 2062 1114 2100 ut
1152 2074 1219 2101 res
1259 2063 1322 2101 est
1360 2059 1538 2102 Plautus

214 2135 400 2175 quoque,
435 2119 562 2160 homo
593 2118 763 2174 linguae
794 2121 921 2172 atque
953 2118 1186 2173 elegantiae
1215 2118 1260 2159 in
1290 2117 1433 2159 uerbis
1462 2118 1537 2159 La-

212 2179 327 2220 tinae
359 2178 569 2232 princeps,
600 2177 700 2231 quid
732 2179 842 2218 esset
875 2176 1113 2218 obnoxius'
1143 2176 1334 2217 nesciuit.

329 2235 484 2278 LXXII
511 2235 712 2277 GELLIVS
739 2235 792 2276 N.
811 2234 864 2276 A.
884 2235 966 2285 17,
986 2238 1061 2276 17:
1084 2249 1222 2288 neque
1245 2233 1538 2276 soloecismum

213 2310 304 2337 esse
330 2295 471 2336 aiebat
492 2294 552 2335 ‘in
575 2296 832 2348 potestatem
856 2292 1001 2334 fuisse’
1021 2295 1069 2334 ut
1086 2293 1243 2348 uulgus
1262 2292 1538 2335 semidoctum

1459 1827 1539 1869 hoc
