1572 2580
516 478 966 530 PRAEFATIO

185 679 251 723 De
280 679 540 735 rationibus,
578 679 736 735 quibus
765 679 812 720 in
842 678 922 720 hac
953 677 1140 721 editione
1172 677 1415 720 adornanda

67 739 136 783 usi
166 739 316 795 simus,
347 753 444 782 cum
473 738 519 781 in
549 738 814 794 praefatione
846 737 1022 780 alterius
1052 737 1255 792 fasciculi,
1287 751 1414 792 quem

69 798 258 855 primum
293 797 530 853 emisimus,
572 797 735 840 dictum
770 797 845 853 sit,
886 797 968 839 hoc
1003 796 1098 839 loco
1138 795 1340 850 sufficiet,
1377 795 1415 838 si

68 859 269 901 notarum
292 856 700 912 adnotationumque
726 871 850 899 usum
875 856 1023 911 paucis
1048 855 1413 911 explicaverimus.

41 927 43 930 ⁴
186 915 336 972 Itaque
373 915 567 959 codicum
591 941 650 946 —
675 930 727 958 ex
765 915 923 970 quibus
959 914 1283 970 antiquissimus
1313 913 1414 956 Am-

70 975 296 1019 brosianus
325 975 370 1018 A
397 974 730 1030 Amphitruonis
769 974 989 1016 Asinariae
1020 973 1267 1016 Aululariae
1304 973 1414 1015 nihil

70 1034 255 1078 servavit
281 1060 336 1065 -
361 1034 467 1076 haec
497 1036 598 1077 sunt
629 1034 738 1091 sigla
769 1035 988 1076 consueta:

127 1094 174 1137 B
201 1093 334 1136 codex
363 1095 487 1136 vetus
517 1092 749 1136 camerarii
772 1091 1220 1135 Palatino-Vaticanus
1239 1106 1344 1134 saec.
1363 1091 1414 1147 X,

201 1152 322 1195 ouius
351 1167 503 1195 manus
533 1152 668 1195 altera
696 1151 756 1194 Β2
785 1151 832 1193 in
862 1153 959 1194 octo
997 1150 1215 1206 prioribus
1254 1150 1415 1193 fabulis

201 1211 378 1254 alterius
409 1210 567 1254 codicis
597 1210 898 1253 auctoritatem
927 1210 1060 1252 habet
1069 1208 1131 1267 ²¹⁶).

129 1271 177 1314 D
206 1270 340 1313 codex
369 1269 603 1313 Vaticanus
633 1269 887 1312 Vrsinianus
919 1283 1023 1311 saec.
1048 1267 1119 1310 XI.

138 1329 181 1373 V
203 1329 337 1373 codex
366 1328 586 1372 Leidensis
610 1328 846 1371 Vossianus
878 1342 971 1370 saec
994 1326 1087 1382 ΧΠ,
1118 1328 1169 1369 de
1201 1342 1285 1382 quo
1318 1342 1414 1370 con-

200 1388 376 1431 sulenda
405 1387 616 1444 praefatio
648 1387 823 1430 Casinae
854 1402 878 1428 a
909 1386 1121 1429 Schoellio
1154 1386 1303 1428 editae.

129 1448 176 1491 E
203 1447 336 1490 codex
366 1446 678 1490 Ambrosianus
709 1461 816 1489 saec.
841 1445 933 1488 XII.

130 1507 171 1551 J
201 1506 334 1550 codex
363 1506 636 1549 Britannicus
667 1520 762 1548 saec
784 1504 878 1547 XII.

189 1565 274 1608 Sed
308 1565 501 1622 singulos
538 1565 702 1608 codices
740 1567 911 1620 praeter
946 1563 1007 1607 B*
1049 1563 1186 1606 rarius
1225 1564 1415 1606 nomina-

71 1625 228 1668 vimus:
264 1625 516 1680 plerumque
553 1624 777 1679 archetypi
816 1622 894 1681 (P)
932 1623 1182 1665 memoriam
1219 1626 1416 1665 eruentes

72 1684 120 1727 in
148 1684 372 1740 scripturis
402 1683 745 1739 discrepantibus
776 1698 854 1738 per
883 1682 944 1726 vel
975 1682 1230 1737 particulam
1260 1682 1415 1724 indica-

72 1743 212 1786 vimus
241 1746 316 1785 aut
346 1742 534 1786 dubitari
565 1757 691 1798 posse
731 1742 934 1797 quidnam
965 1741 1011 1783 in
1042 1740 1086 1783 P
1113 1741 1322 1796 scriptum
1352 1741 1416 1784 fu-

74 1802 156 1846 erit
179 1802 296 1860 (cum
320 1804 464 1844 tamen
487 1802 700 1857 scriptura
724 1801 867 1857 priore
890 1801 960 1843 vel
983 1800 1123 1856 primo
1154 1800 1248 1842 loco
1274 1800 1417 1856 posita

74 1861 326 1918 plerumque
357 1860 707 1916 probabilissima
738 1859 814 1918 sit)
851 1862 926 1902 aut
961 1860 1139 1901 alteram
1170 1859 1215 1900 in
1246 1859 1341 1914 ipso
1375 1859 1418 1901 P

73 1921 255 1964 fortasse
278 1920 510 1975 ascriptam
534 1920 602 1962 vel
626 1920 910 1977 significatam
928 1918 1059 1961 fuisse
1080 1918 1167 1960 sive
1186 1918 1416 1960 lectionem

75 1979 164 2023 sive
192 1979 570 2035 interpolationem
578 1977 648 2036 **)
686 1981 760 2021 aut
797 1978 984 2020 diversas
1021 1992 1112 2020 esse
1151 1977 1416 2019 diversarum

191 2094 226 2140 ³⁸)
249 2095 440 2131 Interdum
464 2095 519 2130 13²
543 2094 792 2140 signavimus,
825 2105 920 2139 quae
953 2105 1035 2129 cum
1069 2095 1200 2129 contra
1222 2093 1418 2139 archetypi

75 2143 298 2197 scripturam
320 2153 483 2178 rasura
506 2141 547 2177 in
565 2143 602 2178 B
627 2142 761 2177 effecta
786 2141 873 2186 sint,
901 2141 1011 2177 alteri
1037 2140 1166 2176 manui
1192 2140 1418 2176 conveniant

25 2198 28 2211 ‘¹
74 2191 202 2236 potius
227 2200 339 2235 quam
365 2189 596 2235 contingant.

167 2237 224 2284 *ἢ
247 2235 418 2282 Exempli
446 2236 571 2282 gratia
595 2236 678 2272 Aul.
699 2240 765 2271 321
799 2247 956 2272 memora
986 2236 1102 2270 habet
1126 2235 1179 2279 Β,
1205 2235 1353 2271 memori
1385 2234 1421 2269 V

74 2295 120 2321 ex
137 2295 228 2320 corr.
247 2284 284 2330 J,
308 2285 499 2320 memorari
518 2284 554 2319 V
569 2286 656 2319 ante
676 2295 778 2327 corr„
804 2285 872 2319 mei
892 2295 994 2319 mora
1012 2283 1068 2319 D:
1095 2282 1193 2318 unde
1213 2281 1415 2317 concludas

73 2354 115 2391 in
139 2355 342 2401 archetypo
366 2355 481 2390 fuisse
506 2342 663 2391 memor&
688 2354 767 2391 sim.
