1560 2548
524 669 975 721 PRAEFATIO

164 885 290 937 Quod
319 885 408 928 fere
440 850 506 929 ἐθι-
538 899 613 927 sex
644 899 811 927 menses
836 884 1052 927 interiecti
1083 886 1184 926 sunt
1214 884 1328 926 inter
1352 884 1433 927 hos

72 945 303 989 fasciculos
320 943 399 988 ῙΠ.
417 943 482 988 IV
500 945 752 1002 prioresque
778 944 968 1001 emissos,
986 943 1032 986 id
1050 959 1148 986 cum
1174 944 1270 986 aliis
1295 945 1434 987 causis

72 1006 273 1049 effectum
304 1007 369 1048 est
393 1007 488 1048 tum
513 1004 611 1047 inde
638 1005 754 1060 quod
780 1004 830 1046 de
857 1004 1114 1060 quibusdam
1144 1004 1251 1046 locis
1275 1004 1434 1047 iterum
1463 1027 1465 1029 ·

73 1064 192 1109 adi-re
221 1063 560 1108 Ambrosianum
593 1067 718 1107 antea
748 1064 975 1106 voluimus.
1037 1063 1151 1107 Nam
1185 1066 1252 1106 sat
1282 1079 1435 1121 graves

73 1124 291 1169 interdum
335 1125 646 1181 discrepantiae
690 1138 788 1166 cum
826 1124 1094 1166 intercedant
1130 1124 1244 1166 inter
1282 1123 1433 1166 Stude-

74 1185 226 1230 mundi
251 1182 550 1243 apographum
577 1199 710 1240 eaque
737 1198 845 1240 quae
870 1184 1030 1240 partim
1049 1183 1248 1227 Loewius
1272 1184 1433 1240 partim

75 1243 316 1288 Schoellius
365 1245 412 1287 in
462 1244 649 1287 editione
699 1244 861 1286 maiore
911 1243 1306 1300 suppeditaverant,
1354 1243 1433 1286 has

74 1304 383 1361 discrepantias
424 1319 513 1347 non
558 1306 650 1346 erat
694 1303 810 1359 quod
852 1304 1177 1360 respiceremus,
1221 1303 1298 1346 ubi
1340 1304 1432 1359 ipse

73 1362 395 1407 Studemundus
427 1364 566 1407 denuo
598 1363 759 1406 librum
791 1366 1034 1406 excusserat
1065 1361 1135 1421 (ut
1171 1364 1218 1405 in
1248 1362 1432 1420 Epidico

73 1426 118 1467 et
147 1423 388 1467 Mercatore
420 1426 464 1467 et
494 1438 652 1480 magna
683 1438 735 1465 ex
765 1425 888 1479 parte
920 1423 1050 1465 etiam
1081 1423 1127 1465 in
1158 1421 1331 1481 Milite).
1371 1422 1433 1466 At

71 1483 120 1526 in
144 1484 241 1527 aliis
266 1484 383 1540 quod
407 1484 454 1526 in
480 1484 571 1526 eius
602 1483 871 1539 auctoritate,
903 1483 1099 1538 quamvis
1130 1484 1277 1540 magni
1302 1483 1431 1525 facia-

71 1558 170 1586 mus
199 1558 299 1589 cum
330 1543 545 1599 omnibus,
576 1543 843 1599 acquiescere
874 1543 1109 1599 noluimus,
1139 1558 1265 1585 nemo
1304 1543 1431 1585 mira-

72 1602 205 1659 bitur,
235 1603 320 1646 nisi
352 1603 427 1658 qui
459 1606 535 1645 aut
566 1603 742 1646 omnino
773 1603 937 1645 nesciat
968 1603 1093 1658 quale
1123 1603 1348 1660 negotium
1374 1603 1432 1645 sit

73 1662 320 1706 conferendi
357 1662 475 1706 illius
511 1662 614 1704 libri
652 1662 838 1704 deleticii
870 1665 945 1704 aut
973 1663 1137 1706 nesciat
1167 1663 1236 1705 vel
1266 1663 1430 1705 nescire

73 1736 118 1764 se
155 1722 294 1779 fingat
329 1721 436 1764 locis
474 1722 590 1764 haud
627 1722 689 1764 ita
725 1722 873 1778 paucis
905 1721 1247 1765 Studemundum
1288 1723 1431 1778 ipsum

73 1796 127 1824 ex
157 1782 313 1824 iterata
344 1781 515 1824 demum
547 1784 647 1837 post
671 1781 892 1824 Loewium
922 1782 1106 1825 lectione
1132 1782 1430 1840 apographum

0 1860 2 1862 ’
72 1842 321 1884 correxisse.
362 1840 515 1897 Itaque
541 1844 640 1883 ante
664 1841 744 1884 hos
770 1844 974 1898 quattuor
997 1857 1165 1885 menses
1188 1842 1432 1885 Poenulum

71 1900 418 1957 Pseudolumque
435 1899 648 1958 Goetzius,
661 1900 961 1945 Menaechmos
974 1902 1217 1945 Rudentem
1231 1901 1430 1944 Stichum

75 1959 316 2004 Schoellius
347 1961 675 2003 retractavimus
695 1986 751 1991 —
771 1964 900 2018 atque
930 1962 1151 2005 nonnullis
1183 1962 1289 2004 locis
1321 1961 1430 2003 alter

0 2023 4 2031 '
73 2019 258 2063 alterum
289 2021 591 2063 advocavimus
618 2046 673 2051 -—
700 2021 846 2064 eadem
876 2022 965 2064 fere
996 2022 1063 2064 usi
1095 2022 1273 2077 ratione,
1300 2036 1429 2076 quam

74 2079 315 2123 Schoellius
346 2081 392 2123 in
425 2080 579 2123 Casina
606 2079 845 2124 Cistellaria
875 2082 1141 2124 Mostellaria
1164 2081 1295 2123 Persa
1326 2081 1430 2123 rele-

73 2140 225 2197 gendis
254 2141 473 2196 professus
505 2143 570 2183 est
601 2139 674 2197 (cf.
699 2141 831 2197 praef.
856 2140 991 2184 Pers?
1021 2157 1061 2197 p.
1081 2140 1200 2197 VIII,
1226 2139 1431 2183 Mostell.2

71 2214 112 2256 p.
132 2198 217 2242 XV
234 2215 297 2256 sq.
317 2200 412 2242 adn.
431 2203 475 2243 et
493 2198 695 2256 XXVIII,
717 2199 877 2243 Cistell.
895 2217 936 2257 p.
956 2201 1038 2243 XV
1058 2200 1157 2258 sq.):
1190 2215 1274 2256 qua
1300 2215 1430 2256 opera

4 2272 7 2275 '
74 2273 182 2314 quae
214 2260 432 2302 effecimus
462 2275 539 2316 per
569 2259 680 2302 hanc
711 2260 942 2304 editionem
974 2261 1218 2302 fabularum
1256 2260 1428 2302 illarum

34 2335 36 2338 ’
73 2319 522 2362 commemorabimus:
562 2335 690 2375 quam
722 2320 803 2363 hoc
836 2336 946 2364 anno
980 2320 1145 2362 absolvi
1175 2335 1300 2376 posse
1338 2335 1429 2376 spe—

1167 2390 1213 2425 a*
