1560 2548
160 100 219 143 68
744 101 917 138 PLAVTI
1265 101 1286 138 1
1301 105 1337 149 ιι,
1355 85 1496 138 eis-ss
1558 84 1560 90 ’

160 206 343 261 <ERG>
385 206 448 249 Vt
477 208 603 262 saepe
635 221 799 249 summa
827 207 999 264 ingenia
1028 207 1074 250 in
1103 207 1269 251 occulte
1299 207 1454 251 latent:

161 265 245 308 Hie
276 265 413 321 quelis
443 265 677 320 imperator
705 280 818 308 nunc
847 266 1042 321 priuatus
1073 269 1148 309 est.
1427 278 1496 310 166

160 323 252 367 HE.
294 323 418 366 Habe
448 324 575 366 medo
606 324 768 366 bonum
798 324 995 367 animum.
1048 324 1300 426 ngffmgxlnum
1330 324 1495 368 confide

159 439 211 484 In
239 439 307 483 his
338 440 489 482 diebus
518 441 586 482 me
617 440 965 483 reconciliassere.

159 499 273 543 Nam
298 513 442 541 eccum
470 497 542 541 hi'e
569 499 786 554 captiuom
810 499 1120 542 adulescentem
1143 499 1318 557 (intus)
1340 489 1498 542 Aleum

160 558 426 614 Prognatum
456 571 611 613 genere
642 560 806 600 summo
838 560 881 599 et
911 558 1087 600 summis
1117 558 1251 601 ditiis:
1429 570 1496 601 170

161 616 256 658 Hoc
285 615 409 658 suum
439 630 506 657 me
537 616 702 658 mutare
732 616 896 659 confid6
928 619 1041 671 pote.

160 673 287 716 ΕΒΗ.
323 673 390 716 Ita
415 673 461 716 di
483 674 668 729 deaeque
691 674 841 717 fexint.
891 674 1018 728 [HE]
1051 675 1124 717 sed
1145 689 1249 717 num
1273 676 1358 730 que
1382 675 1498 717 foras

161 733 351 775 Vocetus
376 732 479 787 <es>
503 733 556 774 ad
580 733 755 775 cenam?
795 733 941 788 <ΗΕ.>
964 732 1188 788 Nusquam
1218 733 1333 789 qued
1356 733 1496 776 sciam.

135 840 138 843 Α
162 791 245 834 Sed
276 790 378 846 quid
401 793 451 832 tu
474 790 519 832 id
544 791 741 846 quaeris?
788 790 913 834 ΕΒΗ.
951 791 1058 842 Quia
1080 791 1182 834 mist
1205 790 1360 834 natalis
1390 791 1497 834 dies:

161 850 397 904 Propterea
428 850 508 904 <a>
538 852 580 891 te
611 850 754 892 uocari
785 850 838 891 ad
867 852 911 891 te
941 850 1021 903 <ad
1051 851 1224 905 ce>nem
1254 850 1365 893 uolo.
1430 861 1497 893 175

161 907 253 950 ΗΕ.
295 907 448 950 Facete
480 907 657 949 dietum:
688 908 762 950 sed
792 908 828 950 si
859 908 1050 963 pauxifle
1081 911 1205 963 potes

163 966 399 1009 Contentus
431 980 533 1008 esse.
592 965 718 1008 ΕΒΗ.
760 966 828 1009 Ne
859 966 1128 1021 perpauxille
1158 966 1303 1009 modo:

160 1024 275 1068 Nam
304 1024 414 1067 istee
442 1039 511 1066 me
542 1024 716 1067 adsiduo
748 1024 866 1067 uictu
899 1025 1061 1067 delecte
1092 1025 1216 1067 domi.

162 1083 256 1140 Age
289 1083 347 1125 sis
377 1097 483 1139 roga
514 1085 723 1137 emptum:
753 1083 836 1125 m‘si
868 1083 941 1138 qui
971 1083 1189 1125 meliorem
1219 1083 1381 1125 §.dferet

164 1142 278 1192 Quae
309 1141 369 1183 mi
400 1142 528 1195 atque
559 1141 705 1183 amieis
735 1141 902 1196 placeat
933 1141 1122 1184 eondieie
1152 1141 1301 1198 magis,
1431 1152 1498 1185 180

163 1199 293 1250 Quasi
322 1199 502 1241 fundum
531 1199 723 1255 uendam‚
752 1200 858 1242 meis
888 1214 955 1242 me
986 1200 1175 1242 addicam
1204 1200 1386 1256 legibus.

163 1258 254 1300 HE.
285 1258 550 1300 Profundum
580 1258 728 1299 uendis
758 1261 807 1300 tri
833 1258 1012 1312 quidem,
1042 1258 1156 1300 haud
1178 1258 1357 1300 fundum
1379 1258 1497 1300 mihi.

166 1316 249 1359 Sed
276 1316 316 1358 si'
337 1317 565 1371 uentum's,
594 1316 789 1371 temperi.
831 1316 956 1359 ΕΒΗ.
986 1316 1079 1371 Em,
1106 1316 1176 1359 uel
1199 1316 1285 1359 iam
1309 1316 1497 1359 etiumst.

164 1375 314 1430 (HE.)
355 1374 377 1417 I
405 1375 545 1430 medo,
575 1389 729 1417 uenare
758 1374 965 1429 leporem:
994 1389 1106 1417 nunc
1135 1374 1255 1417 ictim
1283 1377 1421 1417 tenes:

162 1433 276 1476 Nam
305 1435 426 1475 meus
456 1448 702 1487 scruposam
733 1433 871 1475 uictus
901 1434 1129 1475 commetet
1158 1433 1283 1475 uiam.
1432 1444 1497 1476 185

163 1491 292 1534 ΕΒΗ.
334 1491 579 1546 Numquam
608 1491 716 1533 1'stoo
746 1491 889 1533 uinces
913 1506 992 1546 me,
1022 1491 1180 1547 Hegio:
1209 1505 1263 1533 ne
1287 1491 1498 1546 pestules:

165 1549 272 1592 Cum
302 1549 498 1591 calceatis
529 1549 729 1591 dentibus
758 1549 927 1591 ueniam
956 1552 1109 1591 tamen.

164 1608 255 1650 ΗΕ.
274 1607 415 1662 Asper
433 1622 552 1649 meus
571 1608 710 1649 uictus
730 1608 882 1650 sanest.
907 1607 1092 1663 (EBG.)
1105 1607 1300 1650 Sentisne
1320 1607 1498 1650 essitas?

164 1666 314 1721 (HE.)
345 1666 575 1708 Terrestris
600 1669 754 1708 eenast.
796 1665 923 1708 ΕΒΗ.
956 1665 1035 1708 Sus
1063 1666 1276 1708 terrestris
1307 1666 1498 1708 bestiast.

165 1725 314 1779 (HE.)
345 1724 494 1766 Multis
523 1724 755 1766 holeribus.
803 1724 928 1767 ΕΒΗ.
961 1724 1115 1767 Curato
1146 1726 1344 1780 aegrotes
1371 1724 1498 1766 domi.

163 1782 385 1838 Numquid
415 1783 510 1824 uis?
558 1783 649 1825 HE.
679 1783 837 1825 Venias
867 1783 1060 1838 temperi.
1111 1782 1237 1825 ΕΒΗ.
1267 1783 1499 1825 Memorem

1075 1855 1233 1883 mones.
1431 1852 1496 1883 191

260 1947 336 1980 165.
362 1944 437 1979 add
460 1943 577 1979 Lamb
602 1946 614 1989 ΙΙ
640 1947 718 1979 169.
743 1944 818 1979 add
842 1943 950 1979 Schoe
973 1946 986 1988 ss
1012 1948 1089 1979 170.
1116 1942 1276 1978 diuitiis:
1300 1954 1382 1979 corr
1404 1943 1463 1979 Bo
1487 1943 1491 1991 Ι

167 1995 244 2027 171.
277 1990 421 2025 confido
452 1990 545 2025 fore.
579 2001 660 2026 corr
684 1990 775 2026 Mae
810 1992 822 2035 ΙΙ
859 1994 937 2025 172.
969 1990 1087 2035 deque
1105 1992 1125 2043 ‚¹
1158 1991 1215 2026 del
1243 1989 1452 2036 Spenyelius
1487 1992 1490 2037 Ι

166 2041 243 2072 173.
269 2038 344 2073 add
368 2036 578 2082 Spenyezius
595 2039 608 2082 Ι]
629 2040 705 2073 174.
730 2038 772 2071 tu
796 2038 850 2072 vel
875 2036 940 2071 diu
961 2038 965 2082 Ι
987 2036 1145 2081 quaeris.
1170 2035 1263 2072 HE.:
1289 2047 1368 2072 corr
1386 2036 1482 2082 Spem

161 2085 276 2130 yelius
294 2085 305 2128 ΙΙ
327 2087 403 2120 175.
423 2084 498 2119 add
510 2083 618 2120 Selloe
636 2085 648 2128 ΙΙ
669 2088 744 2119 176.
765 2083 871 2119 ΕΒΗ.
891 2083 1041 2118 Facete:
1061 2094 1140 2119 corr
1151 2082 1360 2129 Spenyelius
1380 2084 1386 2128 Ι
1406 2094 1498 2128 pau-

162 2130 309 2165 xillum.
335 2141 415 2166 corr
438 2130 555 2165 Lamb
573 2132 585 2176 ΙΙ
605 2133 682 2166 177.
697 2129 936 2174 Contemptus
959 2131 964 2174 Ι
986 2129 1087 2166 SEN.
1112 2140 1158 2164 ne
1180 2131 1185 2174 Ι
1206 2129 1498 2174 perpauxillum.

163 2177 295 2213 ‹20er
313 2179 325 2221 u
346 2180 422 2213 179.
439 2176 507 2212 Aie
525 2178 537 2222 ΙΙ
557 2180 635 2213 183.
655 2178 848 2211 uenturus:
868 2187 947 2212 corr
959 2177 1056 2213 Bent
1088 2175 1249 2221 tempori
1266 2177 1279 2221 ss
1299 2179 1376 2212 184.
1395 2175 1497 2211 irim:

163 2235 242 2260 corr
266 2224 445 2260 Erasmus
468 2226 480 2269 ΙΙ
506 2227 583 2259 185.
609 2223 710 2258 Non:
735 2234 815 2260 corr
839 2223 898 2270 Py
921 2225 933 2267 ΙΙ
960 2228 1037 2259 186.
1089 2224 1145 2258 eio
1163 2224 1176 2267 ss
1196 2226 1274 2258 188.
1303 2224 1429 2258 sanest
1452 2225 1497 2266 :ss

165 2270 286 2305 Sentis
305 2271 359 2306 vel
379 2271 505 2306 sanest
529 2271 659 2306 sentis:
685 2281 766 2307 corr
784 2235 898 2307 Samae
914 2270 926 2315 ΙΙ
947 2274 1023 2306 189.
1046 2270 1121 2306 add
1139 2268 1253 2306 Swrac
1269 2271 1282 2315 ss
1301 2273 1378 2306 191.
1404 2271 1498 2305 tem-

163 2317 244 2363 peri
267 2318 323 2354 vel
346 2316 507 2363 tempori
524 2318 536 2362 ΙΙ
