<?xml version="1.0" encoding="UTF-8"?>
<!DOCTYPE html PUBLIC "-//W3C//DTD XHTML 1.0 Transitional//EN"
    "http://www.w3.org/TR/xhtml1/DTD/xhtml1-transitional.dtd">
<html xmlns="http://www.w3.org/1999/xhtml" xml:lang="en" lang="en">
 <head>
  <title>
</title>
<meta http-equiv="Content-Type" content="text/html;charset=utf-8" />
  <meta name='ocr-system' content='tesseract 3.04.00' />
  <meta name='ocr-capabilities' content='ocr_page ocr_carea ocr_par ocr_line ocrx_word'/>
</head>
<body>
  <div class='ocr_page' id='page_1' title='image "./comoediae01plauuoft_0024.png"; bbox 0 0 1560 2548; ppageno 0'>
   <div class='ocr_carea' id='block_1_1' title="bbox 139 73 1081 110">
    <p class='ocr_par' dir='ltr' id='par_1_1' title="bbox 139 73 1081 110">
     <span class='ocr_line' id='line_1_1' title="bbox 139 73 1081 110; baseline 0.003 -3"><span class='ocrx_word' id='word_1_1' title='bbox 139 73 205 108; x_wconf 89' lang='lat' dir='ltr'>XX</span> <span class='ocrx_word' id='word_1_2' title='bbox 528 73 820 109; x_wconf 85' lang='lat' dir='ltr'><strong>TESTIMONIA</strong></span> <span class='ocrx_word' id='word_1_3' title='bbox 844 73 1081 110; x_wconf 80' lang='lat' dir='ltr'>VETERVM</span> 
     </span>
    </p>
   </div>
   <div class='ocr_carea' id='block_1_2' title="bbox 196 179 1474 353">
    <p class='ocr_par' dir='ltr' id='par_1_2' title="bbox 196 179 1474 353">
     <span class='ocr_line' id='line_1_2' title="bbox 256 179 1229 236; baseline 0.004 -15"><span class='ocrx_word' id='word_1_4' title='bbox 256 179 336 221; x_wconf 94' lang='lat' dir='ltr'>XX</span> <span class='ocrx_word' id='word_1_5' title='bbox 365 180 581 222; x_wconf 76' lang='lat' dir='ltr'>PLAVTvs</span> <span class='ocrx_word' id='word_1_6' title='bbox 612 180 794 223; x_wconf 74' lang='lat' dir='ltr'>M1L1&#39;r1s</span> <span class='ocrx_word' id='word_1_7' title='bbox 826 193 962 224; x_wconf 79' lang='lat' dir='ltr'><strong>GLOR.</strong></span> <span class='ocrx_word' id='word_1_8' title='bbox 993 197 1028 224; x_wconf 83' lang='lat' dir='ltr'>v.</span> <span class='ocrx_word' id='word_1_9' title='bbox 1052 185 1229 236; x_wconf 75' lang='lat' dir='ltr'><strong><em>2113q.:</em></strong></span> 
     </span>
     <span class='ocr_line' id='line_1_3' title="bbox 196 238 1474 298; baseline 0.003 -17"><span class='ocrx_word' id='word_1_10' title='bbox 196 238 308 281; x_wconf 90' lang='lat' dir='ltr'>Nam</span> <span class='ocrx_word' id='word_1_11' title='bbox 339 253 386 281; x_wconf 92' lang='lat' dir='ltr'>os</span> <span class='ocrx_word' id='word_1_12' title='bbox 418 239 706 281; x_wconf 89' lang='lat' dir='ltr'>columnatum</span> <span class='ocrx_word' id='word_1_13' title='bbox 736 243 887 294; x_wconf 88' lang='lat' dir='ltr'>poetae</span> <span class='ocrx_word' id='word_1_14' title='bbox 918 255 1008 282; x_wconf 89' lang='lat' dir='ltr'>esse</span> <span class='ocrx_word' id='word_1_15' title='bbox 1033 240 1251 284; x_wconf 86' lang='lat' dir='ltr'>indaudiui</span> <span class='ocrx_word' id='word_1_16' title='bbox 1276 241 1474 298; x_wconf 82' lang='lat' dir='ltr'>barbaro,</span> 
     </span>
     <span class='ocr_line' id='line_1_4' title="bbox 198 297 1472 353; baseline 0.005 -15"><span class='ocrx_word' id='word_1_17' title='bbox 198 297 305 347; x_wconf 83' lang='lat' dir='ltr'>Quoi</span> <span class='ocrx_word' id='word_1_18' title='bbox 337 297 429 339; x_wconf 89' lang='lat' dir='ltr'>bini</span> <span class='ocrx_word' id='word_1_19' title='bbox 461 298 656 339; x_wconf 74' lang='lat' dir='ltr'><strong>custodes</strong></span> <span class='ocrx_word' id='word_1_20' title='bbox 688 313 862 353; x_wconf 70' lang='lat' dir='ltr'>sempen</span> <span class='ocrx_word' id='word_1_21' title='bbox 885 299 990 341; x_wconf 88' lang='lat' dir='ltr'>totis</span> <span class='ocrx_word' id='word_1_22' title='bbox 1020 299 1138 341; x_wconf 87' lang='lat' dir='ltr'>horis</span> <span class='ocrx_word' id='word_1_23' title='bbox 1168 300 1389 343; x_wconf 77' lang='lat' dir='ltr'>occubant.</span> <span class='ocrx_word' id='word_1_24' title='bbox 1467 336 1472 343; x_wconf 73' lang='grc'>.</span> 
     </span>
    </p>
   </div>
   <div class='ocr_carea' id='block_1_3' title="bbox 138 350 1473 649">
    <p class='ocr_par' dir='ltr' id='par_1_3' title="bbox 138 350 1473 456">
     <span class='ocr_line' id='line_1_5' title="bbox 147 350 1473 415; baseline 0.004 -18"><span class='ocrx_word' id='word_1_25' title='bbox 147 356 230 398; x_wconf 69' lang='lat' dir='ltr'>Vbi</span> <span class='ocrx_word' id='word_1_26' title='bbox 264 357 411 398; x_wconf 73' lang='lat' dir='ltr'>Festus</span> <span class='ocrx_word' id='word_1_27' title='bbox 448 356 578 398; x_wconf 62' lang='lat' dir='ltr'>Pauli</span> <span class='ocrx_word' id='word_1_28' title='bbox 606 371 650 410; x_wconf 73' lang='lat' dir='ltr'>p.</span> <span class='ocrx_word' id='word_1_29' title='bbox 681 360 760 398; x_wconf 87' lang='lat'>36:</span> <span class='ocrx_word' id='word_1_30' title='bbox 815 350 993 400; x_wconf 70' lang='lat' dir='ltr'>Plautus</span> <span class='ocrx_word' id='word_1_31' title='bbox 1040 358 1254 406; x_wconf 87' lang='lat' dir='ltr'>Naeuium</span> <span class='ocrx_word' id='word_1_32' title='bbox 1300 362 1473 415; x_wconf 86' lang='lat' dir='ltr'>poetam</span> 
     </span>
     <span class='ocr_line' id='line_1_6' title="bbox 138 414 731 456; baseline 0.002 -1"><span class='ocrx_word' id='word_1_33' title='bbox 138 414 319 456; x_wconf 90' lang='lat' dir='ltr'>latinum</span> <span class='ocrx_word' id='word_1_34' title='bbox 350 415 581 456; x_wconf 85' lang='lat' dir='ltr'>barbarum</span> <span class='ocrx_word' id='word_1_35' title='bbox 612 415 731 456; x_wconf 89' lang='lat' dir='ltr'>dixit.</span> 
     </span>
    </p>

    <p class='ocr_par' dir='ltr' id='par_1_4' title="bbox 138 472 1473 649">
     <span class='ocr_line' id='line_1_7' title="bbox 254 472 1472 528; baseline 0.004 -14"><span class='ocrx_word' id='word_1_36' title='bbox 254 472 354 514; x_wconf 89' lang='lat' dir='ltr'>XXI</span> <span class='ocrx_word' id='word_1_37' title='bbox 385 473 587 515; x_wconf 78' lang='lat' dir='ltr'>GELLIVS</span> <span class='ocrx_word' id='word_1_38' title='bbox 614 474 667 516; x_wconf 93' lang='lat' dir='ltr'>N.</span> <span class='ocrx_word' id='word_1_39' title='bbox 692 474 745 515; x_wconf 88' lang='lat' dir='ltr'>A.</span> <span class='ocrx_word' id='word_1_40' title='bbox 772 474 859 515; x_wconf 90' lang='grc' dir='ltr'>ΙΙΙ</span> <span class='ocrx_word' id='word_1_41' title='bbox 875 478 913 526; x_wconf 87' lang='grc'>3,</span> <span class='ocrx_word' id='word_1_42' title='bbox 933 478 987 517; x_wconf 80' lang='grc'>14</span> <span class='ocrx_word' id='word_1_43' title='bbox 997 488 1076 528; x_wconf 48' lang='grc' dir='ltr'>εφη·</span> <span class='ocrx_word' id='word_1_44' title='bbox 1116 476 1189 524; x_wconf 83' lang='lat' dir='ltr'>sed</span> <span class='ocrx_word' id='word_1_45' title='bbox 1213 476 1327 518; x_wconf 84' lang='lat' dir='ltr'>enim</span> <span class='ocrx_word' id='word_1_46' title='bbox 1351 475 1472 519; x_wconf 83' lang='lat' dir='ltr'>Satu-</span> 
     </span>
     <span class='ocr_line' id='line_1_8' title="bbox 138 531 1472 588; baseline 0.004 -16"><span class='ocrx_word' id='word_1_47' title='bbox 138 531 301 573; x_wconf 89' lang='lat' dir='ltr'>rionem</span> <span class='ocrx_word' id='word_1_48' title='bbox 339 534 381 572; x_wconf 90' lang='lat' dir='ltr'>et</span> <span class='ocrx_word' id='word_1_49' title='bbox 410 531 641 573; x_wconf 89' lang='lat' dir='ltr'>Addictum</span> <span class='ocrx_word' id='word_1_50' title='bbox 678 535 720 573; x_wconf 90' lang='lat' dir='ltr'>et</span> <span class='ocrx_word' id='word_1_51' title='bbox 756 532 927 574; x_wconf 89' lang='lat' dir='ltr'>tertiam</span> <span class='ocrx_word' id='word_1_52' title='bbox 964 534 1174 588; x_wconf 89' lang='lat' dir='ltr'>quandam</span> <span class='ocrx_word' id='word_1_53' title='bbox 1211 535 1329 577; x_wconf 91' lang='lat' dir='ltr'>cuius</span> <span class='ocrx_word' id='word_1_54' title='bbox 1359 550 1472 578; x_wconf 87' lang='lat' dir='ltr'>nunc</span> 
     </span>
     <span class='ocr_line' id='line_1_9' title="bbox 138 590 1473 649; baseline 0.004 -18"><span class='ocrx_word' id='word_1_55' title='bbox 138 590 244 631; x_wconf 87' lang='lat' dir='ltr'>mihi</span> <span class='ocrx_word' id='word_1_56' title='bbox 273 605 429 632; x_wconf 89' lang='lat' dir='ltr'>nomen</span> <span class='ocrx_word' id='word_1_57' title='bbox 457 605 544 632; x_wconf 90' lang='lat' dir='ltr'>non</span> <span class='ocrx_word' id='word_1_58' title='bbox 575 591 769 645; x_wconf 90' lang='lat' dir='ltr'>subpetit</span> <span class='ocrx_word' id='word_1_59' title='bbox 800 591 845 632; x_wconf 90' lang='lat' dir='ltr'>in</span> <span class='ocrx_word' id='word_1_60' title='bbox 875 591 1057 646; x_wconf 87' lang='lat' dir='ltr'>pistrino</span> <span class='ocrx_word' id='word_1_61' title='bbox 1089 607 1186 635; x_wconf 89' lang='lat' dir='ltr'>eum</span> <span class='ocrx_word' id='word_1_62' title='bbox 1217 593 1320 649; x_wconf 79' lang='lat' dir='ltr'>[scil.</span> <span class='ocrx_word' id='word_1_63' title='bbox 1339 593 1473 636; x_wconf 73' lang='lat' dir='ltr'>Plau-</span> 
     </span>
    </p>
   </div>
   <div class='ocr_carea' id='block_1_4' title="bbox 58 647 1471 704">
    <p class='ocr_par' dir='ltr' id='par_1_5' title="bbox 58 647 1471 704">
     <span class='ocr_line' id='line_1_10' title="bbox 58 647 1471 704; baseline 0.004 -15"><span class='ocrx_word' id='word_1_64' title='bbox 58 647 64 649; x_wconf 37' lang='lat'><em>*</em></span> <span class='ocrx_word' id='word_1_65' title='bbox 139 648 242 704; x_wconf 74' lang='lat' dir='ltr'>tum]</span> <span class='ocrx_word' id='word_1_66' title='bbox 275 649 493 703; x_wconf 80' lang='lat' dir='ltr'>scripsisse</span> <span class='ocrx_word' id='word_1_67' title='bbox 518 649 653 691; x_wconf 89' lang='lat' dir='ltr'>Varro</span> <span class='ocrx_word' id='word_1_68' title='bbox 686 652 728 690; x_wconf 90' lang='lat' dir='ltr'>et</span> <span class='ocrx_word' id='word_1_69' title='bbox 759 649 952 704; x_wconf 82' lang='lat' dir='ltr'>plerique</span> <span class='ocrx_word' id='word_1_70' title='bbox 983 651 1055 692; x_wconf 89' lang='lat' dir='ltr'>alii</span> <span class='ocrx_word' id='word_1_71' title='bbox 1086 651 1312 694; x_wconf 87' lang='lat' dir='ltr'>memoriae</span> <span class='ocrx_word' id='word_1_72' title='bbox 1342 652 1471 694; x_wconf 85' lang='lat' dir='ltr'>tradi-</span> 
     </span>
    </p>
   </div>
   <div class='ocr_carea' id='block_1_5' title="bbox 136 707 1471 2343">
    <p class='ocr_par' dir='ltr' id='par_1_6' title="bbox 136 707 1471 2106">
     <span class='ocr_line' id='line_1_11' title="bbox 140 707 1471 764; baseline 0.004 -16"><span class='ocrx_word' id='word_1_73' title='bbox 140 707 309 762; x_wconf 79' lang='lat' dir='ltr'>derunt,</span> <span class='ocrx_word' id='word_1_74' title='bbox 346 722 442 749; x_wconf 90' lang='lat' dir='ltr'>cum</span> <span class='ocrx_word' id='word_1_75' title='bbox 478 708 658 762; x_wconf 87' lang='lat' dir='ltr'>pecunia</span> <span class='ocrx_word' id='word_1_76' title='bbox 695 723 810 750; x_wconf 82' lang='lat' dir='ltr'>omni</span> <span class='ocrx_word' id='word_1_77' title='bbox 848 723 974 763; x_wconf 92' lang='lat' dir='ltr'>quam</span> <span class='ocrx_word' id='word_1_78' title='bbox 1011 710 1056 750; x_wconf 90' lang='lat' dir='ltr'>in</span> <span class='ocrx_word' id='word_1_79' title='bbox 1086 710 1229 764; x_wconf 86' lang='lat' dir='ltr'>operis</span> <span class='ocrx_word' id='word_1_80' title='bbox 1259 710 1471 754; x_wconf 86' lang='lat' dir='ltr'>artificum</span> 
     </span>
     <span class='ocr_line' id='line_1_12' title="bbox 140 766 1471 825; baseline 0.004 -18"><span class='ocrx_word' id='word_1_81' title='bbox 140 766 426 807; x_wconf 81' lang='lat' dir='ltr'>scaenicorum</span> <span class='ocrx_word' id='word_1_82' title='bbox 468 770 692 820; x_wconf 87' lang='lat' dir='ltr'>pepererat</span> <span class='ocrx_word' id='word_1_83' title='bbox 734 767 778 808; x_wconf 89' lang='lat' dir='ltr'>in</span> <span class='ocrx_word' id='word_1_84' title='bbox 825 767 1082 809; x_wconf 73' lang='lat' dir='ltr'>mercatibus</span> <span class='ocrx_word' id='word_1_85' title='bbox 1130 769 1298 823; x_wconf 88' lang='lat' dir='ltr'>perdita</span> <span class='ocrx_word' id='word_1_86' title='bbox 1345 769 1471 825; x_wconf 88' lang='lat' dir='ltr'>inops</span> 
     </span>
     <span class='ocr_line' id='line_1_13' title="bbox 139 823 1470 880; baseline 0.004 -15"><span class='ocrx_word' id='word_1_87' title='bbox 139 823 318 866; x_wconf 79' lang='lat' dir='ltr'>Romam</span> <span class='ocrx_word' id='word_1_88' title='bbox 348 824 525 866; x_wconf 85' lang='lat' dir='ltr'>redisset</span> <span class='ocrx_word' id='word_1_89' title='bbox 556 828 598 866; x_wconf 92' lang='lat' dir='ltr'>et</span> <span class='ocrx_word' id='word_1_90' title='bbox 630 826 685 867; x_wconf 91' lang='lat' dir='ltr'>ob</span> <span class='ocrx_word' id='word_1_91' title='bbox 719 826 1002 880; x_wconf 88' lang='lat' dir='ltr'>quaerendum</span> <span class='ocrx_word' id='word_1_92' title='bbox 1027 827 1189 868; x_wconf 91' lang='lat' dir='ltr'>uictum</span> <span class='ocrx_word' id='word_1_93' title='bbox 1214 828 1267 869; x_wconf 88' lang='lat' dir='ltr'>ad</span> <span class='ocrx_word' id='word_1_94' title='bbox 1297 828 1470 870; x_wconf 88' lang='lat' dir='ltr'>circum-</span> 
     </span>
     <span class='ocr_line' id='line_1_14' title="bbox 138 883 1470 942; baseline 0.004 -18"><span class='ocrx_word' id='word_1_95' title='bbox 138 883 323 939; x_wconf 84' lang='lat' dir='ltr'>agendas</span> <span class='ocrx_word' id='word_1_96' title='bbox 353 883 487 925; x_wconf 88' lang='lat' dir='ltr'>molas</span> <span class='ocrx_word' id='word_1_97' title='bbox 519 898 625 938; x_wconf 89' lang='lat' dir='ltr'>quae</span> <span class='ocrx_word' id='word_1_98' title='bbox 654 884 870 926; x_wconf 91' lang='lat' dir='ltr'>trusatiles</span> <span class='ocrx_word' id='word_1_99' title='bbox 902 885 1173 939; x_wconf 69' lang='lat' dir='ltr'>appellantur</span> <span class='ocrx_word' id='word_1_100' title='bbox 1204 901 1378 940; x_wconf 87' lang='lat' dir='ltr'>operam</span> <span class='ocrx_word' id='word_1_101' title='bbox 1407 887 1470 942; x_wconf 85' lang='lat' dir='ltr'>pi-</span> 
     </span>
     <span class='ocr_line' id='line_1_15' title="bbox 139 941 1470 999; baseline 0.003 -16"><span class='ocrx_word' id='word_1_102' title='bbox 139 941 243 983; x_wconf 90' lang='lat' dir='ltr'>stori</span> <span class='ocrx_word' id='word_1_103' title='bbox 275 942 474 983; x_wconf 88' lang='lat' dir='ltr'>locasset:</span> <span class='ocrx_word' id='word_1_104' title='bbox 512 942 636 983; x_wconf 88' lang='lat' dir='ltr'>sicuti</span> <span class='ocrx_word' id='word_1_105' title='bbox 668 942 717 983; x_wconf 94' lang='lat' dir='ltr'>de</span> <span class='ocrx_word' id='word_1_106' title='bbox 748 942 911 984; x_wconf 89' lang='lat' dir='ltr'>Naeuio</span> <span class='ocrx_word' id='word_1_107' title='bbox 944 958 1111 998; x_wconf 90' lang='lat' dir='ltr'>quoque</span> <span class='ocrx_word' id='word_1_108' title='bbox 1143 944 1382 999; x_wconf 89' lang='lat' dir='ltr'>accepimus</span> <span class='ocrx_word' id='word_1_109' title='bbox 1411 946 1470 987; x_wconf 85' lang='lat' dir='ltr'>fa-</span> 
     </span>
     <span class='ocr_line' id='line_1_16' title="bbox 139 1000 1470 1056; baseline 0.003 -15"><span class='ocrx_word' id='word_1_110' title='bbox 139 1000 262 1041; x_wconf 87' lang='lat' dir='ltr'>bulas</span> <span class='ocrx_word' id='word_1_111' title='bbox 311 1015 407 1042; x_wconf 89' lang='lat' dir='ltr'>eum</span> <span class='ocrx_word' id='word_1_112' title='bbox 449 1000 493 1041; x_wconf 88' lang='lat' dir='ltr'>in</span> <span class='ocrx_word' id='word_1_113' title='bbox 536 1015 698 1042; x_wconf 86' lang='lat' dir='ltr'>carcere</span> <span class='ocrx_word' id='word_1_114' title='bbox 748 1001 851 1042; x_wconf 90' lang='lat' dir='ltr'>duas</span> <span class='ocrx_word' id='word_1_115' title='bbox 899 1002 1117 1056; x_wconf 84' lang='lat' dir='ltr'>scripsisse</span> <span class='ocrx_word' id='word_1_116' title='bbox 1160 1002 1384 1045; x_wconf 89' lang='lat' dir='ltr'>Hariolum</span> <span class='ocrx_word' id='word_1_117' title='bbox 1426 1007 1470 1045; x_wconf 91' lang='lat' dir='ltr'>et</span> 
     </span>
     <span class='ocr_line' id='line_1_17' title="bbox 138 1058 1470 1117; baseline 0.003 -17"><span class='ocrx_word' id='word_1_118' title='bbox 138 1058 359 1113; x_wconf 83' lang='lat' dir='ltr'>Leontem,</span> <span class='ocrx_word' id='word_1_119' title='bbox 396 1073 491 1100; x_wconf 91' lang='lat' dir='ltr'>cum</span> <span class='ocrx_word' id='word_1_120' title='bbox 529 1059 584 1101; x_wconf 92' lang='lat' dir='ltr'>ob</span> <span class='ocrx_word' id='word_1_121' title='bbox 623 1059 833 1101; x_wconf 86' lang='lat' dir='ltr'>assiduam</span> <span class='ocrx_word' id='word_1_122' title='bbox 869 1060 1205 1102; x_wconf 86' lang='lat' dir='ltr'>maledicentiam</span> <span class='ocrx_word' id='word_1_123' title='bbox 1236 1064 1279 1103; x_wconf 92' lang='lat' dir='ltr'>et</span> <span class='ocrx_word' id='word_1_124' title='bbox 1310 1062 1470 1117; x_wconf 90' lang='lat' dir='ltr'>probra</span> 
     </span>
     <span class='ocr_line' id='line_1_18' title="bbox 138 1117 1469 1174; baseline 0.004 -16"><span class='ocrx_word' id='word_1_125' title='bbox 138 1117 183 1158; x_wconf 91' lang='lat' dir='ltr'>in</span> <span class='ocrx_word' id='word_1_126' title='bbox 223 1117 438 1172; x_wconf 89' lang='lat' dir='ltr'>principes</span> <span class='ocrx_word' id='word_1_127' title='bbox 478 1117 665 1159; x_wconf 89' lang='lat' dir='ltr'>ciuitatis</span> <span class='ocrx_word' id='word_1_128' title='bbox 705 1118 755 1159; x_wconf 91' lang='lat' dir='ltr'>de</span> <span class='ocrx_word' id='word_1_129' title='bbox 793 1117 1048 1160; x_wconf 82' lang='lat' dir='ltr'>Graecorum</span> <span class='ocrx_word' id='word_1_130' title='bbox 1090 1122 1313 1174; x_wconf 84' lang='lat' dir='ltr'>poetarum</span> <span class='ocrx_word' id='word_1_131' title='bbox 1351 1135 1469 1163; x_wconf 90' lang='lat' dir='ltr'>more</span> 
     </span>
     <span class='ocr_line' id='line_1_19' title="bbox 139 1176 1469 1223; baseline 0.004 -7"><span class='ocrx_word' id='word_1_132' title='bbox 139 1176 251 1217; x_wconf 89' lang='lat' dir='ltr'>dicta</span> <span class='ocrx_word' id='word_1_133' title='bbox 286 1176 331 1217; x_wconf 91' lang='lat' dir='ltr'>in</span> <span class='ocrx_word' id='word_1_134' title='bbox 367 1176 536 1217; x_wconf 88' lang='lat' dir='ltr'>uincula</span> <span class='ocrx_word' id='word_1_135' title='bbox 565 1177 725 1218; x_wconf 84' lang='lat' dir='ltr'>Romae</span> <span class='ocrx_word' id='word_1_136' title='bbox 757 1191 781 1217; x_wconf 89' lang='lat' dir='ltr'>a</span> <span class='ocrx_word' id='word_1_137' title='bbox 817 1177 1054 1219; x_wconf 89' lang='lat' dir='ltr'>triumuiris</span> <span class='ocrx_word' id='word_1_138' title='bbox 1091 1178 1305 1221; x_wconf 83' lang='lat' dir='ltr'>coniectus</span> <span class='ocrx_word' id='word_1_139' title='bbox 1342 1182 1469 1223; x_wconf 90' lang='lat' dir='ltr'>esset:</span> 
     </span>
     <span class='ocr_line' id='line_1_20' title="bbox 138 1234 1469 1292; baseline 0.003 -16"><span class='ocrx_word' id='word_1_140' title='bbox 138 1235 249 1276; x_wconf 86' lang='lat' dir='ltr'>unde</span> <span class='ocrx_word' id='word_1_141' title='bbox 280 1238 378 1289; x_wconf 90' lang='lat' dir='ltr'>post</span> <span class='ocrx_word' id='word_1_142' title='bbox 410 1250 433 1276; x_wconf 87' lang='lat' dir='ltr'>a</span> <span class='ocrx_word' id='word_1_143' title='bbox 463 1234 649 1276; x_wconf 88' lang='lat' dir='ltr'>tribunis</span> <span class='ocrx_word' id='word_1_144' title='bbox 679 1235 820 1289; x_wconf 90' lang='lat' dir='ltr'>plebis</span> <span class='ocrx_word' id='word_1_145' title='bbox 845 1238 1068 1290; x_wconf 87' lang='lat' dir='ltr'>exemptus</span> <span class='ocrx_word' id='word_1_146' title='bbox 1093 1239 1169 1292; x_wconf 74' lang='lat' dir='ltr'>est,</span> <span class='ocrx_word' id='word_1_147' title='bbox 1201 1251 1296 1279; x_wconf 89' lang='lat' dir='ltr'>cum</span> <span class='ocrx_word' id='word_1_148' title='bbox 1326 1237 1371 1279; x_wconf 90' lang='lat' dir='ltr'>in</span> <span class='ocrx_word' id='word_1_149' title='bbox 1401 1238 1469 1280; x_wconf 86' lang='lat' dir='ltr'>his</span> 
     </span>
     <span class='ocr_line' id='line_1_21' title="bbox 140 1293 1469 1348; baseline 0.003 -14"><span class='ocrx_word' id='word_1_150' title='bbox 140 1308 244 1348; x_wconf 87' lang='lat' dir='ltr'>quas</span> <span class='ocrx_word' id='word_1_151' title='bbox 263 1308 391 1347; x_wconf 90' lang='lat' dir='ltr'>supra</span> <span class='ocrx_word' id='word_1_152' title='bbox 417 1293 503 1334; x_wconf 87' lang='lat' dir='ltr'>dixi</span> <span class='ocrx_word' id='word_1_153' title='bbox 529 1293 686 1334; x_wconf 88' lang='lat' dir='ltr'>fabulis</span> <span class='ocrx_word' id='word_1_154' title='bbox 713 1293 865 1335; x_wconf 89' lang='lat' dir='ltr'>delicta</span> <span class='ocrx_word' id='word_1_155' title='bbox 890 1309 965 1335; x_wconf 89' lang='lat' dir='ltr'>sua</span> <span class='ocrx_word' id='word_1_156' title='bbox 990 1297 1032 1335; x_wconf 89' lang='lat' dir='ltr'>et</span> <span class='ocrx_word' id='word_1_157' title='bbox 1057 1295 1316 1348; x_wconf 84' lang='lat' dir='ltr'>petulantias</span> <span class='ocrx_word' id='word_1_158' title='bbox 1340 1296 1469 1338; x_wconf 85' lang='lat' dir='ltr'>dicto-</span> 
     </span>
     <span class='ocr_line' id='line_1_22' title="bbox 138 1351 1381 1469; baseline 0.002 -77"><span class='ocrx_word' id='word_1_159' title='bbox 138 1367 232 1393; x_wconf 89' lang='lat' dir='ltr'>rum</span> <span class='ocrx_word' id='word_1_160' title='bbox 263 1351 452 1451; x_wconf 87' lang='lat' dir='ltr'>quibusH</span> <span class='ocrx_word' id='word_1_161' title='bbox 450 1352 607 1393; x_wconf 89' lang='lat' dir='ltr'>multos</span> <span class='ocrx_word' id='word_1_162' title='bbox 638 1354 735 1392; x_wconf 88' lang='lat' dir='ltr'>ante</span> <span class='ocrx_word' id='word_1_163' title='bbox 755 1352 1198 1454; x_wconf 34' lang='lat' dir='ltr'>Qesgratbdilltqiissetzl</span> <span class='ocrx_word' id='word_1_164' title='bbox 1199 1415 1282 1454; x_wconf 79' lang='lat'>317</span> <span class='ocrx_word' id='word_1_165' title='bbox 1318 1411 1381 1469; x_wconf 74' lang='lat' dir='ltr'>(B</span> 
     </span>
     <span class='ocr_line' id='line_1_23' title="bbox 262 1409 1467 1467; baseline 0.005 -18"><span class='ocrx_word' id='word_1_166' title='bbox 262 1409 369 1451; x_wconf 87' lang='grc' dir='ltr'><strong>ΧΧΙΙ</strong></span> <span class='ocrx_word' id='word_1_167' title='bbox 453 1421 717 1452; x_wconf 79' lang='lat' dir='ltr'><strong>IERONYMVS</strong></span> <span class='ocrx_word' id='word_1_168' title='bbox 878 1424 949 1452; x_wconf 80' lang='lat' dir='ltr'>use</span> <span class='ocrx_word' id='word_1_169' title='bbox 975 1444 983 1451; x_wconf 94' lang='lat'><em>.</em></span> <span class='ocrx_word' id='word_1_170' title='bbox 1015 1425 1035 1452; x_wconf 81' lang='lat' dir='ltr'>c</span> <span class='ocrx_word' id='word_1_171' title='bbox 1061 1425 1146 1453; x_wconf 71' lang='lat' dir='ltr'>ron.</span> <span class='ocrx_word' id='word_1_172' title='bbox 1379 1427 1467 1467; x_wconf 73' lang='lat' dir='ltr'>ony.</span> 
     </span>
     <span class='ocr_line' id='line_1_24' title="bbox 137 1466 1468 1524; baseline 0.002 -14"><span class='ocrx_word' id='word_1_173' title='bbox 137 1466 267 1524; x_wconf 80' lang='lat'><strong><em>1818)</em></strong></span> <span class='ocrx_word' id='word_1_174' title='bbox 303 1470 329 1510; x_wconf 70' lang='lat' dir='ltr'>i.</span> <span class='ocrx_word' id='word_1_175' title='bbox 361 1483 391 1510; x_wconf 78' lang='lat' dir='ltr'>e.</span> <span class='ocrx_word' id='word_1_176' title='bbox 423 1483 459 1509; x_wconf 80' lang='lat' dir='ltr'>a.</span> <span class='ocrx_word' id='word_1_177' title='bbox 491 1470 572 1510; x_wconf 76' lang='lat'>554</span> <span class='ocrx_word' id='word_1_178' title='bbox 603 1483 640 1509; x_wconf 76' lang='lat' dir='ltr'>u.</span> <span class='ocrx_word' id='word_1_179' title='bbox 673 1483 724 1510; x_wconf 67' lang='lat' dir='ltr'>a:</span> <span class='ocrx_word' id='word_1_180' title='bbox 764 1468 940 1510; x_wconf 87' lang='lat' dir='ltr'>Plautus</span> <span class='ocrx_word' id='word_1_181' title='bbox 978 1483 1029 1510; x_wconf 89' lang='lat' dir='ltr'>ex</span> <span class='ocrx_word' id='word_1_182' title='bbox 1060 1469 1239 1511; x_wconf 90' lang='lat' dir='ltr'>Vmbria</span> <span class='ocrx_word' id='word_1_183' title='bbox 1276 1469 1468 1513; x_wconf 86' lang='lat' dir='ltr'>Sarsinas</span> 
     </span>
     <span class='ocr_line' id='line_1_25' title="bbox 137 1527 1469 1584; baseline 0.003 -16"><span class='ocrx_word' id='word_1_184' title='bbox 137 1527 297 1568; x_wconf 86' lang='lat' dir='ltr'>Romae</span> <span class='ocrx_word' id='word_1_185' title='bbox 333 1527 514 1568; x_wconf 86' lang='lat' dir='ltr'>moritur</span> <span class='ocrx_word' id='word_1_186' title='bbox 551 1527 692 1581; x_wconf 76' lang='lat' dir='ltr'>[immo</span> <span class='ocrx_word' id='word_1_187' title='bbox 725 1527 873 1568; x_wconf 75' lang='lat' dir='ltr'>‘clarus</span> <span class='ocrx_word' id='word_1_188' title='bbox 902 1527 1115 1583; x_wconf 49' lang='lat' dir='ltr'>habentui-⁹]</span> <span class='ocrx_word' id='word_1_189' title='bbox 1179 1529 1252 1583; x_wconf 91' lang='lat' dir='ltr'>qui</span> <span class='ocrx_word' id='word_1_190' title='bbox 1289 1532 1469 1584; x_wconf 88' lang='lat' dir='ltr'>propter</span> 
     </span>
     <span class='ocr_line' id='line_1_26' title="bbox 138 1585 1467 1642; baseline 0.003 -15"><span class='ocrx_word' id='word_1_191' title='bbox 138 1600 327 1627; x_wconf 86' lang='lat' dir='ltr'>annonae</span> <span class='ocrx_word' id='word_1_192' title='bbox 368 1585 661 1626; x_wconf 86' lang='lat' dir='ltr'>difficultatem</span> <span class='ocrx_word' id='word_1_193' title='bbox 698 1585 749 1626; x_wconf 91' lang='lat' dir='ltr'>ad</span> <span class='ocrx_word' id='word_1_194' title='bbox 789 1585 922 1627; x_wconf 89' lang='lat' dir='ltr'>molas</span> <span class='ocrx_word' id='word_1_195' title='bbox 957 1587 1196 1628; x_wconf 88' lang='lat' dir='ltr'>manuarias</span> <span class='ocrx_word' id='word_1_196' title='bbox 1233 1587 1386 1642; x_wconf 89' lang='lat' dir='ltr'>pistori</span> <span class='ocrx_word' id='word_1_197' title='bbox 1424 1603 1467 1630; x_wconf 87' lang='lat' dir='ltr'>se</span> 
     </span>
     <span class='ocr_line' id='line_1_27' title="bbox 138 1644 1468 1698; baseline 0.002 -12"><span class='ocrx_word' id='word_1_198' title='bbox 138 1644 350 1686; x_wconf 90' lang='lat' dir='ltr'>locauerat</span> <span class='ocrx_word' id='word_1_199' title='bbox 375 1644 437 1686; x_wconf 89' lang='lat' dir='ltr'>ibi</span> <span class='ocrx_word' id='word_1_200' title='bbox 458 1644 654 1698; x_wconf 91' lang='lat' dir='ltr'>quotiens</span> <span class='ocrx_word' id='word_1_201' title='bbox 673 1644 725 1684; x_wconf 87' lang='lat' dir='ltr'>ab</span> <span class='ocrx_word' id='word_1_202' title='bbox 747 1658 873 1697; x_wconf 89' lang='lat' dir='ltr'>opere</span> <span class='ocrx_word' id='word_1_203' title='bbox 899 1647 1067 1686; x_wconf 90' lang='lat' dir='ltr'>uacaret</span> <span class='ocrx_word' id='word_1_204' title='bbox 1092 1646 1275 1687; x_wconf 87' lang='lat' dir='ltr'>scribere</span> <span class='ocrx_word' id='word_1_205' title='bbox 1300 1646 1468 1688; x_wconf 84' lang='lat' dir='ltr'>fabulas</span> 
     </span>
     <span class='ocr_line' id='line_1_28' title="bbox 139 1702 1468 1758; baseline 0.002 -14"><span class='ocrx_word' id='word_1_206' title='bbox 139 1703 289 1744; x_wconf 89' lang='lat' dir='ltr'>solitus</span> <span class='ocrx_word' id='word_1_207' title='bbox 333 1717 380 1744; x_wconf 89' lang='lat' dir='ltr'>ac</span> <span class='ocrx_word' id='word_1_208' title='bbox 423 1702 603 1743; x_wconf 88' lang='lat' dir='ltr'>uendere</span> <span class='ocrx_word' id='word_1_209' title='bbox 650 1702 717 1758; x_wconf 80' lang='lat' dir='ltr'>(cf.</span> <span class='ocrx_word' id='word_1_210' title='bbox 748 1702 926 1743; x_wconf 76' lang='lat' dir='ltr'><strong>PLAVTI</strong></span> <span class='ocrx_word' id='word_1_211' title='bbox 970 1702 1202 1746; x_wconf 71' lang='lat' dir='ltr'>Gelasimus</span> <span class='ocrx_word' id='word_1_212' title='bbox 1241 1706 1287 1746; x_wconf 73' lang='lat' dir='ltr'>in</span> <span class='ocrx_word' id='word_1_213' title='bbox 1333 1704 1468 1747; x_wconf 70' lang='lat' dir='ltr'>Sticho</span> 
     </span>
     <span class='ocr_line' id='line_1_29' title="bbox 137 1761 1467 1815; baseline 0.002 -12"><span class='ocrx_word' id='word_1_214' title='bbox 137 1777 173 1803; x_wconf 83' lang='lat' dir='ltr'>v.</span> <span class='ocrx_word' id='word_1_215' title='bbox 197 1764 283 1803; x_wconf 82' lang='lat'>177</span> <span class='ocrx_word' id='word_1_216' title='bbox 294 1774 398 1814; x_wconf 78' lang='lat' dir='ltr'>sqq.:</span> <span class='ocrx_word' id='word_1_217' title='bbox 435 1763 664 1815; x_wconf 87' lang='lat' dir='ltr'>paupertas</span> <span class='ocrx_word' id='word_1_218' title='bbox 694 1761 795 1802; x_wconf 88' lang='lat' dir='ltr'>fecit</span> <span class='ocrx_word' id='word_1_219' title='bbox 826 1761 1028 1803; x_wconf 83' lang='lat' dir='ltr'>ridiculus</span> <span class='ocrx_word' id='word_1_220' title='bbox 1058 1762 1212 1804; x_wconf 88' lang='lat' dir='ltr'>forem:</span> <span class='ocrx_word' id='word_1_221' title='bbox 1251 1762 1363 1804; x_wconf 87' lang='lat' dir='ltr'>Nam</span> <span class='ocrx_word' id='word_1_222' title='bbox 1393 1763 1467 1805; x_wconf 90' lang='lat' dir='ltr'>illa</span> 
     </span>
     <span class='ocr_line' id='line_1_30' title="bbox 138 1819 1467 1876; baseline 0.002 -16"><span class='ocrx_word' id='word_1_223' title='bbox 138 1820 241 1861; x_wconf 86' lang='lat' dir='ltr'>artis</span> <span class='ocrx_word' id='word_1_224' title='bbox 273 1819 409 1861; x_wconf 89' lang='lat' dir='ltr'>omnis</span> <span class='ocrx_word' id='word_1_225' title='bbox 440 1819 640 1873; x_wconf 87' lang='lat' dir='ltr'>perdocet</span> <span class='ocrx_word' id='word_1_226' title='bbox 672 1819 747 1860; x_wconf 92' lang='lat' dir='ltr'>ubi</span> <span class='ocrx_word' id='word_1_227' title='bbox 779 1834 903 1873; x_wconf 92' lang='lat' dir='ltr'>quem</span> <span class='ocrx_word' id='word_1_228' title='bbox 932 1820 1088 1876; x_wconf 88' lang='lat' dir='ltr'>attigit.</span> <span class='ocrx_word' id='word_1_229' title='bbox 1144 1820 1227 1862; x_wconf 91' lang='lat' dir='ltr'>Per</span> <span class='ocrx_word' id='word_1_230' title='bbox 1256 1836 1467 1863; x_wconf 89' lang='lat' dir='ltr'>annonam</span> 
     </span>
     <span class='ocr_line' id='line_1_31' title="bbox 138 1876 873 1933; baseline -0.003 -13"><span class='ocrx_word' id='word_1_231' title='bbox 138 1893 277 1920; x_wconf 84' lang='lat' dir='ltr'>caram</span> <span class='ocrx_word' id='word_1_232' title='bbox 308 1878 415 1919; x_wconf 84' lang='lat' dir='ltr'>dixit</span> <span class='ocrx_word' id='word_1_233' title='bbox 445 1893 511 1918; x_wconf 88' lang='lat' dir='ltr'>me</span> <span class='ocrx_word' id='word_1_234' title='bbox 542 1880 691 1918; x_wconf 91' lang='lat' dir='ltr'>natum</span> <span class='ocrx_word' id='word_1_235' title='bbox 721 1876 873 1933; x_wconf 83' lang='lat' dir='ltr'>pater).</span> 
     </span>
     <span class='ocr_line' id='line_1_32' title="bbox 252 1935 1302 1990; baseline 0.001 -12"><span class='ocrx_word' id='word_1_236' title='bbox 252 1936 394 1978; x_wconf 91' lang='lat' dir='ltr'>XXIII</span> <span class='ocrx_word' id='word_1_237' title='bbox 424 1936 638 1977; x_wconf 79' lang='lat' dir='ltr'>PLAVTvs</span> <span class='ocrx_word' id='word_1_238' title='bbox 670 1935 1035 1977; x_wconf 83' lang='lat' dir='ltr'><strong>MOSTELLARIAE</strong></span> <span class='ocrx_word' id='word_1_239' title='bbox 1067 1952 1102 1979; x_wconf 85' lang='lat' dir='ltr'>v.</span> <span class='ocrx_word' id='word_1_240' title='bbox 1129 1940 1211 1979; x_wconf 81' lang='lat'>769</span> <span class='ocrx_word' id='word_1_241' title='bbox 1223 1950 1302 1990; x_wconf 53' lang='grc' dir='ltr'>εφη·</span> 
     </span>
     <span class='ocr_line' id='line_1_33' title="bbox 136 1994 1465 2050; baseline -0.001 -13"><span class='ocrx_word' id='word_1_242' title='bbox 136 1995 227 2037; x_wconf 90' lang='lat' dir='ltr'>Nec</span> <span class='ocrx_word' id='word_1_243' title='bbox 262 1995 321 2036; x_wconf 90' lang='lat' dir='ltr'>mi</span> <span class='ocrx_word' id='word_1_244' title='bbox 352 1995 503 2036; x_wconf 88' lang='lat' dir='ltr'>umbra</span> <span class='ocrx_word' id='word_1_245' title='bbox 539 1994 608 2035; x_wconf 89' lang='lat' dir='ltr'>hic</span> <span class='ocrx_word' id='word_1_246' title='bbox 638 1997 877 2048; x_wconf 79' lang='lat' dir='ltr'>usquamst,</span> <span class='ocrx_word' id='word_1_247' title='bbox 913 1995 994 2036; x_wconf 91' lang='lat' dir='ltr'>nisi</span> <span class='ocrx_word' id='word_1_248' title='bbox 1033 1994 1068 2036; x_wconf 90' lang='lat' dir='ltr'>si</span> <span class='ocrx_word' id='word_1_249' title='bbox 1099 1994 1143 2036; x_wconf 91' lang='lat' dir='ltr'>in</span> <span class='ocrx_word' id='word_1_250' title='bbox 1180 1998 1310 2049; x_wconf 90' lang='lat' dir='ltr'>puteo</span> <span class='ocrx_word' id='word_1_251' title='bbox 1343 2010 1465 2050; x_wconf 90' lang='lat' dir='ltr'>quae-</span> 
     </span>
     <span class='ocr_line' id='line_1_34' title="bbox 836 2052 1003 2106; baseline 0.006 -13"><span class='ocrx_word' id='word_1_252' title='bbox 836 2052 1003 2106; x_wconf 88' lang='lat' dir='ltr'>piamst.</span> 
     </span>
    </p>

    <p class='ocr_par' dir='ltr' id='par_1_7' title="bbox 137 2111 1465 2212">
     <span class='ocr_line' id='line_1_35' title="bbox 137 2111 1465 2164; baseline 0.001 -11"><span class='ocrx_word' id='word_1_253' title='bbox 137 2112 244 2153; x_wconf 83' lang='lat' dir='ltr'><strong>TRA.</strong></span> <span class='ocrx_word' id='word_1_254' title='bbox 278 2111 415 2161; x_wconf 79' lang='lat' dir='ltr'>Quid?</span> <span class='ocrx_word' id='word_1_255' title='bbox 447 2111 671 2153; x_wconf 84' lang='lat' dir='ltr'>Sarsinatis</span> <span class='ocrx_word' id='word_1_256' title='bbox 692 2111 892 2164; x_wconf 81' lang='lat' dir='ltr'>ecquast?</span> <span class='ocrx_word' id='word_1_257' title='bbox 925 2111 959 2152; x_wconf 90' lang='lat' dir='ltr'>si</span> <span class='ocrx_word' id='word_1_258' title='bbox 979 2111 1186 2153; x_wconf 88' lang='lat' dir='ltr'>Vmbram</span> <span class='ocrx_word' id='word_1_259' title='bbox 1210 2126 1295 2154; x_wconf 88' lang='lat' dir='ltr'>non</span> <span class='ocrx_word' id='word_1_260' title='bbox 1320 2113 1465 2154; x_wconf 87' lang='lat' dir='ltr'>habes.</span> 
     </span>
     <span class='ocr_line' id='line_1_36' title="bbox 141 2169 446 2212; baseline 0 -1"><span class='ocrx_word' id='word_1_261' title='bbox 141 2170 200 2212; x_wconf 72' lang='lat' dir='ltr'>(J.</span> <span class='ocrx_word' id='word_1_262' title='bbox 232 2169 282 2211; x_wconf 89' lang='grc' dir='ltr'>Π.</span> <span class='ocrx_word' id='word_1_263' title='bbox 314 2169 446 2211; x_wconf 88' lang='lat' dir='ltr'>XXII.</span> 
     </span>
    </p>

    <p class='ocr_par' dir='ltr' id='par_1_8' title="bbox 136 2172 1464 2343">
     <span class='ocr_line' id='line_1_37' title="bbox 170 2172 1464 2283; baseline -0.001 -13"><span class='ocrx_word' id='word_1_264' title='bbox 170 2172 198 2224; x_wconf 61' lang='lat' dir='ltr'><em>f</em></span> <span class='ocrx_word' id='word_1_265' title='bbox 253 2228 394 2270; x_wconf 90' lang='lat' dir='ltr'>XXIV</span> <span class='ocrx_word' id='word_1_266' title='bbox 427 2228 713 2270; x_wconf 84' lang='lat' dir='ltr'>DIDASCALIA</span> <span class='ocrx_word' id='word_1_267' title='bbox 744 2227 921 2269; x_wconf 82' lang='lat' dir='ltr'>STIOHI:</span> <span class='ocrx_word' id='word_1_268' title='bbox 954 2227 1110 2270; x_wconf 80' lang='lat' dir='ltr'>Graeca</span> <span class='ocrx_word' id='word_1_269' title='bbox 1139 2227 1346 2283; x_wconf 88' lang='lat' dir='ltr'>Adephoe</span> <span class='ocrx_word' id='word_1_270' title='bbox 1375 2228 1464 2270; x_wconf 89' lang='lat' dir='ltr'>Me-</span> 
     </span>
     <span class='ocr_line' id='line_1_38' title="bbox 136 2285 1464 2343; baseline 0.001 -16"><span class='ocrx_word' id='word_1_271' title='bbox 136 2287 299 2328; x_wconf 89' lang='lat' dir='ltr'>nandru</span> <span class='ocrx_word' id='word_1_272' title='bbox 332 2286 336 2343; x_wconf 88' lang='grc' dir='ltr'>Ι</span> <span class='ocrx_word' id='word_1_273' title='bbox 371 2290 463 2328; x_wconf 84' lang='lat' dir='ltr'>acta</span> <span class='ocrx_word' id='word_1_274' title='bbox 502 2287 611 2328; x_wconf 89' lang='lat' dir='ltr'>ludis</span> <span class='ocrx_word' id='word_1_275' title='bbox 651 2286 816 2340; x_wconf 89' lang='lat' dir='ltr'>plebeis</span> <span class='ocrx_word' id='word_1_276' title='bbox 850 2287 854 2340; x_wconf 76' lang='grc'>1</span> <span class='ocrx_word' id='word_1_277' title='bbox 889 2285 959 2327; x_wconf 84' lang='lat' dir='ltr'>Cn.</span> <span class='ocrx_word' id='word_1_278' title='bbox 991 2286 1151 2328; x_wconf 84' lang='lat' dir='ltr'>Baebio</span> <span class='ocrx_word' id='word_1_279' title='bbox 1193 2286 1234 2328; x_wconf 86' lang='lat' dir='ltr'>C.</span> <span class='ocrx_word' id='word_1_280' title='bbox 1266 2286 1464 2328; x_wconf 81' lang='lat' dir='ltr'>Terentio</span> 
     </span>
    </p>
   </div>
  </div>
 </body>
</html>
