1560 2548
1314 23 1354 33 Ὺ
1382 26 1408 43 ,ἲ
1434 23 1455 45 ,Χ

179 91 263 134 104
758 91 932 127 PLAVTI
1222 53 1296 126 {111>
1309 71 1343 135 1,
1366 65 1506 126 ιε’-ω.
1522 67 1548 151 ·

292 197 359 240 Ita
389 198 551 241 scilieet
581 199 805 240 facturam:
838 212 984 240 uerum
1013 197 1059 239 in
1089 197 1283 240 cubiculo
1551 239 1554 242 .

293 257 426 299 Deme
456 256 584 299 istuc:
615 257 809 312 equidem
840 257 959 298 illam
987 255 1149 299 moueri
1179 255 1329 312 gestio.
1546 237 1560 298 l

293 315 405 358 Nolo
436 315 557 357 illam
588 329 756 357 causam
785 315 944 356 habere
975 317 1017 356 et
1047 314 1228 356 uotitam
1257 313 1405 356 dicere.
1552 303 1560 380 i

293 373 379 415 PA.
434 373 547 430 Seio,
595 373 814 428 captiones
855 373 1022 416 metuis.
1074 371 1147 415 DI.
1193 372 1364 414 Verum.
1418 370 1504 413 PA.

875 431 1008 487 Ergo,
1038 434 1086 473 ut
1115 431 1255 487 iubes,
1438 441 1504 472 ‘190

295 490 471 532 Tollam.
524 489 596 532 DI.
634 489 743 540 Quid
766 490 839 531 ni?
870 489 955 531 PA.
985 489 1098 531 Audi
1121 489 1290 531 relicua.
1331 487 1402 531 DI.
1427 487 1504 530 Lo-

877 562 1021 603 quere:
1052 547 1188 590 audio.

293 606 379 648 PA.
429 607 593 662 ‘Neque
623 607 758 650 ullum
787 607 967 648 uerbum
996 606 1124 648 faeiat
1153 604 1446 661 perplexabile

294 665 444 720 Neque
475 665 561 707 ulla
592 665 740 721 lingua
770 665 874 707 sciat
903 665 1021 720 loqui
1049 664 1133 706 nisi
1162 653 1319 710 Attica.

294 723 399 765 Fors
430 723 470 766 si
497 724 651 766 tussire
683 724 885 778 occepsit,
915 738 969 765 ne
1000 723 1060 765 sic
1090 722 1261 778 tussiat,

294 781 354 824 Vt
385 782 615 837 quoiquam
644 782 835 838 linguam
864 781 909 823 in
932 781 1149 823 tussiendo
1173 782 1383 836 pr6serat:
1438 790 1502 822 795

297 840 416 890 Quod
447 841 521 882 illa
551 843 693 882 autem
729 840 899 882 simulet
935 840 1056 895 quasi
1092 839 1276 896 grauedo
1306 838 1504 894 pr6fluat,

295 898 389 940 Hoc
418 901 473 940 ne
504 899 564 941 sic
594 898 738 941 faciat:
767 901 816 940 tii
845 898 1050 940 labellum
1080 898 1325 953 abstergeas

295 957 444 999 Potius
476 972 602 1012 quam
633 957 861 1012 quoiquam
891 956 1055 998 sauium
1085 956 1214 998 faciat
1243 955 1395 1010 palam.

296 1015 386 1057 Nee
416 1017 552 1057 mater
581 1015 677 1057 lena
707 1016 760 1056 ad
790 1015 937 1056 uinum
967 1014 1136 1056 accedat
1165 1013 1337 1056 interim

295 1074 386 1116 Nec
415 1073 502 1115 ulli-
524 1074 655 1115 uerbo
687 1073 796 1115 male
828 1073 955 1115 dieat:
987 1073 1022 1115 si
1053 1072 1224 1126 dixerit,
1437 1082 1506 1114 800

299 1132 416 1173 Haeo
446 1132 580 1174 multa
611 1132 649 1173 ei
681 1134 790 1186 esto,
821 1131 922 1173 uino
953 1131 1113 1187 uiginti
1140 1130 1229 1172 dies

296 1190 358 1233 Vt
399 1191 565 1232 eareat'.
613 1189 684 1232 DI.
726 1190 875 1231 Pulere
915 1189 1103 1244 scripsti:
1143 1189 1297 1231 scitum
1337 1186 1507 1244 syngra-

880 1248 1025 1302 phum.

298 1306 384 1348 PA.
435 1307 554 1349 ‘Tum
588 1306 627 1348 si
656 1321 830 1349 coronas
860 1308 973 1348 serta
1003 1308 1219 1362 unguenta
1248 1304 1419 1347 iusserit

297 1365 511 1407 Ancillam
540 1366 650 1406 ferre
681 1365 837 1407 Veneri
865 1363 870 1421 Ι
898 1367 971 1406 aut
1002 1363 1217 1419 Cupidini,

299 1424 411 1465 Tuos
436 1425 580 1465 seruos
605 1426 755 1478 seruet,
778 1423 988 1465 Venerine
1008 1437 1078 1464 eas
1101 1422 1172 1463 det
1196 1423 1250 1463 an
1274 1421 1378 1463 uiro.
1439 1431 1506 1463 805

299 1481 343 1523 Si
373 1483 482 1524 f6rte
514 1496 619 1535 pure
649 1481 759 1523 ue'lle
788 1481 945 1522 habere
976 1480 1147 1535 dixerit,

298 1541 381 1581 Tot
409 1541 556 1582 ndctes
594 1539 741 1580 reddat
777 1543 966 1593 spurcas,
1002 1541 1106 1593 quot
1141 1552 1246 1593 pure
1282 1536 1506 1578 habuerit'.

300 1598 415 1639 Haec
446 1601 545 1639 sunt
574 1613 660 1639 non
689 1612 843 1653 nugae:
873 1599 960 1639 n6n
991 1597 1103 1638 enim
1132 1595 1368 1638 mortualia.

298 1656 370 1698 DI.
424 1655 598 1698 Placent
635 1656 826 1710 profecto
862 1655 996 1711 leges:
1034 1669 1207 1709 sequere
1243 1654 1367 1695 intr6.
1421 1652 1507 1695 PA.

881 1713 1053 1768 Sequor.

281 1855 358 1887 789.
397 1852 534 1886 habere
566 1851 670 1886 illam
703 1862 868 1886 eausam:
906 1853 980 1887 ὑφαί
1004 1862 1048 1887 ex
1071 1851 1194 1886 Nonio
1231 1851 1237 1895 1
1275 1849 1433 1884 notitam
1455 1850 1510 1886 vel

184 1899 360 1934 notitiam
401 1901 413 1944 ΙΙ
456 1902 532 1932 792.
563 1897 806 1942 perplexibile
830 1899 884 1934 vel
907 1897 1135 1942 perpexibile
1160 1895 1409 1941 (perpexabile
1432 1896 1509 1931 No-

184 1947 300 1992 nius):
326 1957 406 1981 corr
429 1945 522 1980 Pius
551 1946 562 1990 ΙΙ
595 1947 669 1978 794.
698 1945 824 1980 Forte:
850 1956 930 1980 corr
952 1945 1102 1980 Reizius
1122 1946 1127 1988 Ι
1147 1954 1193 1977 ne
1218 1944 1272 1979 vel
1294 1953 1361 1977 nec
1390 1944 1402 1986 ss
1429 1945 1506 1978 796.

184 1992 346 2075 proflusat
369 1993 423 2028 vel
441 1991 589 2036 profuat
606 1994 618 2035 11
637 1994 716 2025 802.
743 1991 907 2035 seriptis:
933 2002 1012 2027 corr
1029 1991 1120 2026 Pius
1137 1991 1150 2035 11
1168 1993 1245 2026 807.
1271 1990 1362 2034 quot
1381 1999 1508 2033 puras:

185 2051 266 2076 corr
317 2040 374 2075 eal
392 2041 404 2083 ΙΙ
