1560 2548
505 12 533 154 >
614 77 679 113 DE
703 75 896 112 PLAVTO
1276 72 1429 110 XXXIII

138 185 251 238 Quid
281 200 360 229 uos
389 185 549 242 eloquii
581 200 730 228 canam
759 184 924 240 Latini,

140 245 348 303 Arpinas,
378 245 606 300 Patauino,
634 245 884 299 Mantuano,

138 305 199 348 Et
227 307 288 362 te,
319 304 480 347 comica
511 304 585 359 qui
617 304 741 346 doces
770 303 961 359 Terenti,

139 363 199 407 Et
227 366 289 420 te,
319 366 514 419 tempore
545 363 619 419 qui
651 363 756 405 satis
786 377 934 405 seuero

142 422 310 479 Graios,
339 422 510 478 Plaute,
541 423 651 465 sales
681 422 828 478 lepore
859 421 1045 464 transis?

199 481 399 525 LXXXV
429 456 728 524 cnivnmzvs
753 481 1017 523 MAMERTVS
1043 481 1155 534 epist.
1185 481 1244 523 ad
1266 478 1431 533 Sapau-

80 542 182 585 dum
203 556 248 596 p.
272 543 359 585 205
388 541 602 596 Ενιθθῑόνη·
639 540 830 583 Naeuius
861 543 903 582 et
934 539 1114 582 Plautus
1150 539 1234 581 tibi
1265 539 1319 580 ad
1350 538 1429 580 ele-

82 601 287 658 gantiam,
318 599 423 643 Cato
454 600 508 642 ad
538 600 831 657 grauitatem.
912 599 1043 641 .usui
1074 599 1172 641 sint.

200 658 419 702 LXXXVI
448 659 721 701 EVAN'rmvs
747 661 796 702 de
814 634 915 713 ιναθ.
935 662 1086 701 etcom.
1098 673 1143 713 p.
1165 661 1260 712 6sq.
1281 656 1429 710 Reiffi:

81 719 187 762 haec
218 733 316 762 cum
345 718 697 761 artificiosissima
727 718 954 760 Terentius
990 717 1157 772 fecerit,
1195 719 1289 758 tum
1323 716 1430 758 illud

82 781 149 822 est
190 777 503 833 admirandum,
552 778 667 833 quod
710 780 754 819 et
797 792 960 819 morem
1004 777 1211 832 [amorem
1254 775 1430 830 Reiffer-

81 837 295 881 sdaeidius.
326 839 510 880 mortem
541 836 944 892 Scheidemantelius]
976 835 1156 878 retinuit
1185 838 1236 877 ut
1267 849 1429 877 comoe-

11 914 14 916 ·
82 897 199 939 diam
234 896 442 939 scriberet
477 898 522 939 et
558 895 819 951 temperauit
856 896 1055 937 affectum
1091 910 1145 937 ne
1182 895 1228 936 in
1264 897 1430 950 tragoe—

83 956 199 998 diam
229 955 482 998 transiliret:
513 955 629 1012 quod
659 970 755 998 cum
786 955 883 997 aliis
913 955 1044 997 rebus
1073 954 1248 996 minime
1280 954 1429 996 obten-

82 1018 178 1058 tum
209 1017 252 1057 et
282 1030 307 1057 a
336 1015 492 1058 Plauto
524 1017 567 1057 et
598 1015 652 1056 ab
684 1014 863 1056 Afranio
896 1017 938 1056 et
969 1014 1124 1069 †appio
1158 1013 1202 1069 [a
1231 1013 1429 1068 Turpilio

83 1074 454 1129 Reifferscheidius.
498 1088 523 1116 a
553 1073 793 1140 Pomponio
824 1073 1045 1129 Deiatzko]
1085 1076 1128 1115 et
1158 1072 1308 1114 multis
1340 1072 1429 1114 fere

82 1133 253 1191 magnis
283 1133 457 1176 comicis
486 1132 740 1175 inuenimus.
795 1132 903 1175 illud
934 1147 1103 1188 quoque
1135 1132 1248 1174 inter
1277 1131 1428 1173 Teren-

83 1193 225 1235 tianas
265 1192 449 1234 uirtutes
491 1191 707 1247 mirabile,
751 1191 866 1247 quod
905 1191 997 1233 eius
1032 1191 1204 1233 fabulae
1242 1205 1291 1233 eo
1329 1193 1430 1232 sunt

84 1254 443 1307 temperamento,
491 1253 540 1293 ut
586 1265 726 1306 neque
776 1253 1072 1293 extumescant
1120 1250 1173 1292 ad
1221 1250 1431 1306 tragicam

84 1309 382 1354 celsitudinem
417 1324 556 1365 neque
594 1309 835 1352 abiciantur
871 1309 924 1351 ad
963 1309 1180 1351 mimicam
1216 1309 1431 1351 uilitatem

86 1370 183 1427 [huc
205 1370 347 1412 traicit
362 1369 749 1413 Scheidemantelius
772 1369 894 1411 verba
919 1369 1034 1424 quod
1058 1383 1155 1410 cum
1180 1368 1276 1410 aliis
1302 1368 1431 1410 rebus

177 1428 479 1484 Minuenimus]
540 1428 645 1470 adde
690 1428 804 1483 quod
844 1428 955 1470 nihil
994 1428 1242 1470 abstrusum
1281 1427 1336 1470 ab
1381 1442 1430 1469 00

85 1463 263 1544 ponitur
293 1491 367 1530 aut
399 1487 514 1543 quod
543 1487 599 1530 ab
630 1487 848 1530 historicis
878 1487 1181 1553 requirendum
1213 1487 1285 1542 sit,
1318 1487 1432 1542 quod

86 1546 258 1602 saepius
286 1546 467 1589 Plautus
502 1547 607 1589 facit
642 1549 685 1589 et
717 1561 766 1589 eo
804 1549 868 1589 est
900 1546 1123 1589 obscurior
1156 1546 1202 1588 in
1232 1546 1432 1602 pluribus

85 1606 220 1649 locis.
301 1609 372 1648 ,et
403 1606 508 1648 item
533 1606 648 1661 quod
671 1598 781 1648 nihil
807 1606 860 1647 ad
885 1606 1096 1660 populum
1121 1605 1224 1647 facit
1244 1608 1432 1648 actorem

87 1666 208 1708 uelut
239 1680 292 1707 ex
322 1665 543 1722 tragoedia
572 1665 704 1722 loqui,
735 1665 848 1720 quod
879 1665 1034 1707 uitium
1063 1665 1208 1707 Plauti
1239 1665 1433 1721 frequen-

86 1724 302 1767 tissimum
331 1727 407 1767 est.
