1560 2548
23 104 26 106 ¹
15 0 54 86 1:2³4]

84 79 104 116 1
122 84 156 124 ι,
175 81 328 117 u-as,
354 83 390 125 s,
410 82 526 116 1-20
621 78 904 116 AVLVLARLA
1351 79 1434 122 119

75 147 218 239 ’Quasi
247 187 423 231 claudus
452 190 575 231 sutor
606 188 722 231 domi
753 188 871 231 sedet
901 190 1018 231 totos
1048 188 1150 231 dies.

84 247 238 303 Neque
268 247 355 290 iam
385 261 473 314 quo
502 250 629 303 pacto
661 247 796 290 celem
827 246 944 290 erilis
973 246 1096 290 filiae

85 306 593 363 Probn1m‚propinqua
624 306 844 362 partitudo
877 306 978 362 quoi
1008 307 1197 363 appetit,
1389 318 1433 350 ‘15

86 365 205 417 Queo
235 341 518 410 comminisci·
548 367 688 422 neque
720 366 949 422 quicquam
978 366 1153 408 meliust
1183 365 1308 421 mihi,

86 424 148 468 Vt
178 423 354 482 opinor,
381 439 511 481 quam
541 439 596 467 ex
625 439 694 467 me
725 427 774 467 ut
803 428 933 467 unam
963 425 1117 468 faciam
1147 424 1339 467 litteram

85 483 326 542 Long<am,
362 485 536 539 me>um
565 484 719 539 laqueo
751 484 909 527 collum
947 484 1115 540 quando
1147 483 1432 527 obstrinxero.

463 691 687 729 EVOLIO.
749 691 1055 729 STAPHYLA

501 753 660 790 SENEX
844 754 975 790 ANVS

85 839 211 884 EVG.
260 839 386 883 Nunc
425 838 643 881 defaecato
681 839 852 881 demum
882 838 1024 881 animo
1062 840 1258 896 egredior
1294 840 1432 896 domo,

85 899 323 955 Postquam
352 897 555 954 perspexi
586 898 705 940 salua
736 912 827 940 esse
858 898 976 940 intus
1006 899 1159 941 omnia.
1387 911 1432 942 80

85 958 195 1002 Redi
218 957 419 1000 nunciam
443 957 558 1000 intro
577 960 706 1012 atque
730 957 849 1000 intus
873 972 1006 1000 serua.
1051 957 1167 1000 STA.
1194 957 1432 1014 Quippim'?

85 1017 182 1075 Ego
213 1017 332 1060 intus
362 1016 557 1061 seruem?
589 1031 644 1058 an
673 1016 827 1072 nequis
858 1017 982 1059 aedes
1014 1017 1207 1059 auferat?

85 1077 201 1120 Nam
231 1076 303 1118 hic
332 1075 449 1131 apud
478 1089 558 1118 nos
587 1075 652 1118 nil
683 1078 749 1118 est
780 1075 897 1117 aliud
927 1076 1095 1131 quaesti
1125 1076 1313 1119 furibus:

85 1135 153 1179 Ita
183 1135 400 1189 inani<i>s
430 1137 531 1177 sunt
562 1134 766 1190 6ppletae
797 1137 926 1190 atque
958 1135 1134 1177 araneis.

86 1194 212 1238 EVC.
267 1194 426 1236 Mirum
466 1193 571 1249 quin
607 1197 683 1236 tua
714 1193 864 1250 [nunc]
902 1208 970 1236 me
1008 1198 1134 1236 caiisa
1169 1194 1299 1237 faciat
1335 1194 1431 1251 hip-

1075 1253 1191 1308 piter
1386 1266 1431 1298 85

85 1312 340 1368 Philippum
370 1326 518 1368 regem
548 1314 622 1354 aut
652 1311 857 1367 Dareum,
889 1311 1147 1355 triuenefica.

84 1371 276 1415 Amineas
305 1371 365 1414 mi
396 1385 477 1429 ego
507 1369 606 1413 filas
637 1371 802 1413 seruari
829 1371 941 1413 uolo.

85 1431 257 1486 Pauper
287 1445 402 1485 sum,
431 1430 591 1486 fateor,
621 1429 783 1485 patior:
815 1430 930 1485 quod
959 1430 1003 1472 di
1035 1430 1137 1473 dant
1167 1431 1270 1473 fero.

85 1490 175 1533 Abi
204 1489 332 1545 intro,
363 1489 536 1532 occlude
566 1489 755 1531 ianuam:
786 1489 871 1531 iam
903 1504 982 1546 ego
1015 1489 1086 1532 hic
1116 1505 1199 1532 ero.

87 1549 200 1592 caue
232 1550 490 1604 quemquam
520 1548 707 1590 alienum
737 1548 783 1590 in
813 1548 930 1590 aedis
962 1548 1255 1592 intromiseris.
1385 1563 1430 1594 90

85 1608 209 1660 Quod
239 1607 454 1663 quispiam
484 1607 629 1664 ignem
660 1609 854 1663 quaerat,
885 1607 1085 1664 extingui
1113 1609 1230 1664 uolo,

85 1667 154 1711 Ne
185 1670 334 1709 causae
367 1667 470 1722 quid
500 1666 556 1709 sit
588 1667 703 1722 quod
732 1669 776 1708 te
808 1666 1034 1722 quisquam
1066 1668 1287 1723 quaeritet.

85 1726 200 1770 Nam
231 1725 267 1768 si
296 1725 412 1782 ignis
443 1725 579 1780 uiuet,
608 1728 658 1768 tu
689 1725 939 1782 extinguere
971 1727 1287 1783 extemp<u>lo

85 1786 198 1828 Tum
227 1799 382 1840 aquam
412 1784 629 1841 aufugisse
661 1783 810 1841 dicito,
841 1784 976 1840 siquis
1007 1788 1138 1840 petet.

88 1844 302 1900 Cultriim,
334 1843 533 1899 securim,
564 1842 795 1899 pistillum,
826 1844 1099 1900 mortarium,
1385 1858 1429 1889 95

87 1903 203 1954 Quae
233 1903 391 1945 utenda
422 1917 524 1944 uasa
555 1903 724 1957 semper
754 1901 889 1945 uicini
916 1906 1089 1960 rogant,

86 1962 222 2006 Fures
250 1962 418 2004 uenisse
449 1964 578 2016 atque
609 1961 839 2004 abstulisse
870 1962 1012 2005 dicito.

87 2021 286 2064 Profecto
317 2021 363 2063 in
394 2020 510 2063 aedis
540 2021 656 2062 meas
686 2035 754 2062 me
785 2020 962 2064 absente
992 2021 1205 2064 neminem

184 2140 239 2173 78.
277 2138 352 2173 add
378 2137 430 2173 Ga
454 2138 544 2173 duce
568 2136 641 2172 Seu
685 2137 691 2181 Ι
736 2136 967 2173 obstrinxero
991 2140 1046 2174 vel
1071 2137 1277 2173 obstrixero
1319 2140 1332 2184 ΙΙ
1376 2142 1430 2175 79.

89 2184 260 2230 egredior
277 2185 333 2221 vel
350 2183 523 2231 egrediar
541 2185 552 2228 ΙΙ
572 2187 627 2219 80.
647 2183 819 2230 perspexi
837 2186 892 2221 vel
909 2185 1085 2231 prospexi
1103 2187 1114 2231 ΙΙ
1134 2188 1176 2220 81
1193 2197 1245 2230 sq.
1272 2186 1346 2222 dist
1357 2187 1430 2223 Pa-

87 2232 276 2277 reus184.
302 2232 378 2268 add
400 2232 460 2278 Py
492 2232 504 2276 ΙΙ
535 2234 590 2267 85.
617 2232 676 2267 del
700 2231 754 2267 Ga
776 2232 789 2276 ΙΙ
819 2234 875 2267 86.
902 2232 1071 2267 darieum
1094 2233 1149 2269 vel
1175 2232 1320 2268 darium
1343 2235 1430 2279 {1⁹1-

89 2280 247 2324 quaerat
268 2280 323 2316 vel
346 2279 616 2360 quaet-uffa.
642 2279 717 2315 add
737 2278 789 2315 Ga
806 2280 818 2324 ΙΙ
837 2282 893 2315 95.
918 2279 1103 2325 pistillum
1127 2280 1183 2316 vel
1207 2279 1396 2326 pistellum
1421 2282 1433 2328 Η

90 2329 145 2363 98.
170 2325 315 2362 inaedis
339 2327 394 2363 vel
417 2337 502 2361 inae
574 2337 615 2361 us
637 2329 643 2371 Ι
664 2336 766 2361 meas
790 2337 850 2361 me
874 2327 929 2362 vel
953 2338 1036 2362 mae
1056 2329 1068 2373 ΙΙ
