1560 2548
622 75 687 112 DE
712 75 904 112 PLAVTO
1356 74 1441 110 XIX

35 226 41 234 ,
94 185 268 229 Tarenti
304 184 477 241 scripsit
511 183 685 227 Liuium
720 183 843 226 annis
878 182 999 225 XXX
1036 185 1138 238 post
1176 197 1304 238 (1113111
1342 197 1441 225 011111

41 249 44 253 ’
93 244 286 288 fabulam
313 243 505 287 docuisse
537 246 581 286 et
603 242 777 286 Atticus
807 242 959 285 scribit
990 244 1033 284 et
1062 256 1142 284 nos
1173 241 1218 284 in
1249 241 1440 297 antiquis

35 347 37 349 ,
95 303 411 348 commentariis
435 298 709 357 inuenimus‚‘=
745 301 910 345 ocuisse
935 303 1081 343 autem
1104 301 1296 343 fabulam
1318 300 1442 343 annis

94 365 196 419 post
229 362 293 406 XI
331 361 375 406 C.
407 361 604 405 Cornelio
641 361 688 412 Q.
766 361 908 403 inucio
944 360 1192 403 consulibus
1229 360 1341 402 ludis
1376 359 1441 402 Iu-

29 418 35 450 *j
95 422 302 478 uentatis,
341 436 451 478 quos
485 420 701 463 Salinator
731 420 907 463 Senensi
938 419 1102 475 proelio
1141 422 1330 462 uouerat.
1391 418 1442 461 In

95 496 182 538 quo
218 483 366 524 tantus
397 495 515 523 error
544 479 649 522 Acci
685 480 788 535 fuit,
823 482 872 521 ut
902 479 971 521 his
1002 478 1250 521 consulibus
1279 478 1442 520 XXXX

96 555 230 584 annos
264 543 393 583 natus
428 539 594 582 Ennius
630 539 778 581 fuerit:
815 538 884 581 cui
921 538 957 580 si
995 538 1186 593 aequalis
1215 538 1344 579 fuerit
1375 537 1442 579 Li—

31 606 34 607 ’
95 600 204 656 111113,
234 599 375 642 minor
402 598 487 641 fuit
512 598 732 653 aliquanto
757 598 794 640 is
820 597 895 653 qui
918 597 1084 653 primus
1108 597 1301 639 fabulam
1326 597 1442 638 dedit

96 674 224 716 quam
261 658 301 701 ei
332 658 406 714 qui
445 657 603 700 multas
645 658 876 717 docuerant
916 659 1014 698 ante
1050 656 1131 698 hos
1167 655 1362 698 consules
1400 659 1443 697 et

23 716 29 778 ζ
95 718 277 762 Plautus
305 720 350 760 et
378 716 580 760 Naeuius.

213 775 318 820 XVI
351 775 525 819 CICERO
560 776 676 818 Ήιεο.
703 775 736 818 Ι
753 779 789 827 1,
814 779 864 818 3.·
902 775 1025 817 3111113
1057 774 1172 816 0111111
1201 774 1290 816 fere
1323 774 1441 829 quin-

97 836 241 895 gentis
277 836 424 878 decem
459 837 560 891 post
594 834 777 877 Romam
814 834 1028 876 conditam
1065 833 1214 876 Liuius
1251 833 1443 875 fabulam

27 941 30 949 ,
97 895 215 939 dedit
255 894 300 938 C.
337 894 512 938 Claudio
551 893 673 937 Caeci
715 893 805 936 filio
848 894 903 935 M.
941 893 1153 935 Tuditano
1194 892 1442 935 consulibus

98 970 209 998 anno
240 956 340 997 ante
369 956 520 996 natum
550 953 739 996 Ennium
777 952 870 1008 [qui
899 953 983 994 fuit
1013 952 1150 994 maior
1178 954 1283 994 natu
1314 967 1444 1007 quam

96 1014 277 1058 Plautus
308 1016 352 1056 et
379 1012 590 1068 Naeuius]
599 1027 614 1054 .·
642 1013 714 1055 ubi
744 1016 924 1054 extrema
953 1012 1026 1055 del.
1056 1011 1276 1054 Buherius.

34 1083 38 1086 ”
214 1072 339 1116 XVII
373 1072 599 1115 DONATVS
635 1073 684 1114 in
716 1072 804 1114 Ter.
835 1072 946 1114 And.
975 1071 1082 1125 prol.
1112 1086 1147 1113 v.
1173 1074 1248 1113 18:
1290 1068 1356 1128 (in
1393 1085 1442 1112 eo

98 1133 323 1188 disputant
365 1131 655 1174 Contaminari
702 1145 790 1172 non
838 1131 984 1172 decere
1030 1130 1227 1172 fabulas.
1249 1164 1316 1172 ...
1361 1128 1443 1179 Quj

17 1239 19 1241 ,
100 1206 231 1248 (1110111
260 1192 376 1234 1111110
405 1193 606 1233 accusant
629 1189 842 1232 Naeuium
866 1189 1069 1231 Plautum
1093 1189 1281 1231 Ennium
1310 1188 1443 1230 Accu-

46 1302 49 1306 *
101 1253 326 1306 sanaquos
349 1250 420 1292 hic
443 1252 591 1292 noster
615 1251 810 1291 auctores
834 1247 987 1304 habet)
1012 1248 1058 1290 in
1082 1248 1263 1304 singulis
1288 1263 1444 1304 magna

100 1309 318 1366 emphasis
348 1311 414 1351 est
445 1308 730 1362 auctoritatis,
768 1307 842 1349 sed
872 1308 975 1350 ordo
1010 1322 1098 1349 non
1135 1310 1200 1348 est
1237 1310 1443 1349 seruatus.

99 1369 267 1412 Ennius
295 1383 480 1424 namque
505 1370 604 1409 ante
629 1367 832 1411 Plautum
861 1366 961 1409 fuit:
992 1367 1067 1409 sed
1092 1365 1207 1421 quod
1238 1369 1302 1408 est
1334 1381 1444 1408 sum-

99 1443 195 1472 mae
225 1427 492 1470 auctoritatis
522 1426 711 1469 Ennium
742 1426 943 1468 ultimum
974 1426 1092 1467 dixit.

218 1486 363 1530 XVIJJ
406 1485 610 1529 GELLIVS
655 1486 709 1528 N.
746 1486 799 1527 A.
843 1485 994 1528 XVII
1003 1499 1005 1501 ·
1027 1489 1101 1537 21,
1133 1488 1191 1527 46
1205 1499 1284 1539 sq..·
1334 1499 1444 1527 anno

102 1547 253 1590 deinde
289 1548 390 1602 post
419 1546 602 1588 Romam
639 1544 854 1587 conditam
892 1544 1236 1601 quingentesimo
1273 1544 1445 1586 undeui-

17 1663 19 1666 .
102 1606 259 1650 00311110
277 1638 289 1648 ,
308 1639 317 1648 .
337 1639 374 1648 ..
407 1603 480 1648 Cn.
510 1604 702 1647 Naeuius
733 1606 862 1659 poeta
891 1603 1060 1646 fabulas
1092 1603 1205 1658 apud
1236 1604 1446 1659 populum

102 1665 219 1708 dedit
243 1698 254 1706 .
276 1699 283 1707 .
305 1699 314 1706 .
334 1699 343 1707 .
369 1679 418 1707 ac
449 1663 599 1706 deinde
625 1663 746 1706 annis
771 1663 858 1705 fere
883 1666 984 1718 post
1010 1663 1252 1718 quindecim
1284 1663 1446 1704 beUum

102 1725 328 1767 aduersum
369 1723 537 1766 Poenos
580 1726 802 1778 sumptum
845 1725 910 1764 est
953 1724 1082 1777 atque
1130 1737 1218 1764 non
1266 1722 1447 1764 nimium

101 1784 231 1840 longe
261 1783 317 1826 M.
343 1782 448 1826 Cato
485 1785 632 1825 orator
667 1782 712 1823 in
749 1781 924 1823 ciuitate
956 1784 998 1823 et
1032 1781 1210 1823 Plautus
1242 1784 1371 1836 poeta
1402 1781 1448 1822 in

103 1857 256 1886 scaena
284 1843 527 1909 'floruerunt
552 1876 560 1883 .
582 1875 589 1883 .
611 1875 619 1883 .
641 1875 648 1883 .
673 1855 812 1896 neque
844 1855 999 1897 magno
1031 1840 1259 1882 interuallo
1298 1843 1448 1895 postea

103 1901 151 1953 Q·
181 1902 526 2003 EIXleISCmERo
558 1961 607 2003 de
635 1973 680 2002 re
702 1973 747 2013 p.
774 1959 851 2001 IV
868 1962 921 2001 11
953 1957 1021 2015 (ex
1045 1959 1278 2013 Auyustino
1304 1960 1352 2001 de
1376 1959 1448 2000 civ.

23 2010 26 2052 [
103 2021 142 2064 d.
161 2020 223 2063 II
234 2018 303 2076 9).·
327 2019 524 2062 Periclen
548 2033 645 2061 cum
670 2018 755 2060 iam
780 2032 880 2060 suae
906 2018 1073 2060 ciuitati
1098 2018 1284 2059 maxima
1308 2020 1448 2059 aucto-

103 2079 231 2122 ritate
257 2078 466 2134 plurimos
492 2093 626 2120 annos
651 2077 765 2119 domi
793 2080 835 2119 et
867 2077 970 2119 belli
997 2077 1265 2131 praefuisset,
1296 2076 1449 2118 uiolari

104 2138 302 2181 uersibus
341 2140 386 2180 et
421 2137 492 2194 agi
531 2137 576 2179 in
615 2151 764 2180 scaena
803 2151 891 2178 non
927 2136 1027 2191 plus
1067 2136 1208 2177 decuit
1248 2151 1376 2190 quam
1414 2135 1450 2178 si

22 2188 27 2220 2
103 2196 283 2240 Plautus
312 2199 459 2239 noster
489 2196 696 2238 uoluisset
728 2198 801 2237 aut
831 2195 1023 2237 Naeuius
1050 2194 1205 2237 Publio
1238 2198 1280 2236 et
1306 2194 1449 2237 Gnaeo

104 2255 296 2312 Scipioni
337 2255 385 2312 [†
415 2270 453 2298 a.
479 2258 566 2298 542
595 2270 635 2298 u.
661 2258 710 2309 0.]
752 2257 827 2296 aut
865 2253 1072 2296 Caecilius
1112 2254 1257 2296 Marco
1299 2253 1450 2296 Catoni

19 2359 22 2363 .
103 2316 215 2359 male
245 2315 395 2358 dicere.

1188 2381 1239 2417 b*
