<?xml version="1.0" encoding="UTF-8"?>
<!DOCTYPE html PUBLIC "-//W3C//DTD XHTML 1.0 Transitional//EN"
    "http://www.w3.org/TR/xhtml1/DTD/xhtml1-transitional.dtd">
<html xmlns="http://www.w3.org/1999/xhtml" xml:lang="en" lang="en">
 <head>
  <title>
</title>
<meta http-equiv="Content-Type" content="text/html;charset=utf-8" />
  <meta name='ocr-system' content='tesseract 3.04.00' />
  <meta name='ocr-capabilities' content='ocr_page ocr_carea ocr_par ocr_line ocrx_word'/>
</head>
<body>
  <div class='ocr_page' id='page_1' title='image "./comoediae01plauuoft_0378.png"; bbox 0 0 1560 2548; ppageno 0'>
   <div class='ocr_carea' id='block_1_1' title="bbox 1281 0 1540 20">
    <p class='ocr_par' dir='ltr' id='par_1_1' title="bbox 1281 0 1540 20">
     <span class='ocr_line' id='line_1_1' title="bbox 1281 0 1540 20; baseline 0.004 -18"><span class='ocrx_word' id='word_1_1' title='bbox 1281 0 1283 7; x_wconf 34' lang='lat' dir='ltr'><em>A</em></span> <span class='ocrx_word' id='word_1_2' title='bbox 1310 0 1488 20; x_wconf 44' lang='lat' dir='ltr'><em>‘&#39;s-zez‘fflfflvaffl</em></span> <span class='ocrx_word' id='word_1_3' title='bbox 1523 0 1540 4; x_wconf 85' lang='lat'><em>..</em></span> 
     </span>
    </p>
   </div>
   <div class='ocr_carea' id='block_1_2' title="bbox 167 93 973 130">
    <p class='ocr_par' dir='ltr' id='par_1_2' title="bbox 167 93 973 130">
     <span class='ocr_line' id='line_1_2' title="bbox 167 93 973 130; baseline 0.002 -3"><span class='ocrx_word' id='word_1_4' title='bbox 167 93 237 128; x_wconf 87' lang='lat' dir='ltr'><em>XII</em></span> <span class='ocrx_word' id='word_1_5' title='bbox 700 93 973 130; x_wconf 83' lang='lat' dir='ltr'><strong>PRAEFATIO</strong></span> 
     </span>
    </p>
   </div>
   <div class='ocr_carea' id='block_1_3' title="bbox 155 188 1555 2367">
    <p class='ocr_par' dir='ltr' id='par_1_3' title="bbox 155 188 1555 2367">
     <span class='ocr_line' id='line_1_3' title="bbox 170 188 1551 247; baseline 0.004 -16"><span class='ocrx_word' id='word_1_6' title='bbox 170 189 194 231; x_wconf 93' lang='lat' dir='ltr'><em>l.</em></span> <span class='ocrx_word' id='word_1_7' title='bbox 220 203 252 232; x_wconf 89' lang='grc'><em>3.</em></span> <span class='ocrx_word' id='word_1_8' title='bbox 277 203 308 232; x_wconf 90' lang='grc'><em>3.</em></span> <span class='ocrx_word' id='word_1_9' title='bbox 331 204 377 244; x_wconf 92' lang='lat' dir='ltr'><em>p.</em></span> <span class='ocrx_word' id='word_1_10' title='bbox 403 193 460 232; x_wconf 78' lang='grc'><strong>46</strong></span> <span class='ocrx_word' id='word_1_11' title='bbox 498 188 587 247; x_wconf 88' lang='lat' dir='ltr'><em>(ubi</em></span> <span class='ocrx_word' id='word_1_12' title='bbox 623 192 747 233; x_wconf 88' lang='lat' dir='ltr'><em>etiam</em></span> <span class='ocrx_word' id='word_1_13' title='bbox 783 192 831 234; x_wconf 87' lang='lat' dir='ltr'><em>de</em></span> <span class='ocrx_word' id='word_1_14' title='bbox 867 191 964 233; x_wconf 83' lang='lat' dir='ltr'><em>aliis</em></span> <span class='ocrx_word' id='word_1_15' title='bbox 1000 192 1124 235; x_wconf 79' lang='lat' dir='ltr'><em>huius</em></span> <span class='ocrx_word' id='word_1_16' title='bbox 1156 193 1326 247; x_wconf 77' lang='lat' dir='ltr'><em>fabulae</em></span> <span class='ocrx_word' id='word_1_17' title='bbox 1355 194 1516 238; x_wconf 68' lang='lat' dir='ltr'><em>lammis</em></span> <span class='ocrx_word' id='word_1_18' title='bbox 1544 227 1551 236; x_wconf 49' lang='lat'>2</span> 
     </span>
     <span class='ocr_line' id='line_1_4' title="bbox 170 247 1515 308; baseline 0.006 -18"><span class='ocrx_word' id='word_1_19' title='bbox 170 247 339 306; x_wconf 72' lang='lat' dir='ltr'><em>ayitur).</em></span> <span class='ocrx_word' id='word_1_20' title='bbox 372 274 426 278; x_wconf 94' lang='lat'><em>——</em></span> <span class='ocrx_word' id='word_1_21' title='bbox 461 251 528 292; x_wconf 97' lang='grc'><em>78.</em></span> <span class='ocrx_word' id='word_1_22' title='bbox 559 250 782 292; x_wconf 78' lang='lat' dir='ltr'><em>Isibrorum</em></span> <span class='ocrx_word' id='word_1_23' title='bbox 817 252 1067 304; x_wconf 72' lang='lat' dir='ltr'><em>scripturam</em></span> <span class='ocrx_word' id='word_1_24' title='bbox 1096 256 1264 295; x_wconf 73' lang='lat' dir='ltr'><em>excusat</em></span> <span class='ocrx_word' id='word_1_25' title='bbox 1291 251 1515 308; x_wconf 62' lang='lat' dir='ltr'><em>Seyffeiius</em></span> 
     </span>
     <span class='ocr_line' id='line_1_5' title="bbox 169 306 1515 366; baseline 0.006 -17"><span class='ocrx_word' id='word_1_26' title='bbox 169 306 238 364; x_wconf 81' lang='lat' dir='ltr'><em>(cf.</em></span> <span class='ocrx_word' id='word_1_27' title='bbox 266 307 527 352; x_wconf 70' lang='lat' dir='ltr'><em>‘Jahresber.&#39;</em></span> <span class='ocrx_word' id='word_1_28' title='bbox 553 312 577 350; x_wconf 92' lang='lat' dir='ltr'><em>t.</em></span> <span class='ocrx_word' id='word_1_29' title='bbox 599 308 773 350; x_wconf 92' lang='lat' dir='ltr'><strong>XXXI</strong></span> <span class='ocrx_word' id='word_1_30' title='bbox 782 323 825 362; x_wconf 92' lang='lat' dir='ltr'><em>p.</em></span> <span class='ocrx_word' id='word_1_31' title='bbox 847 308 922 366; x_wconf 85' lang='grc'><em>76)</em></span> <span class='ocrx_word' id='word_1_32' title='bbox 947 310 1144 353; x_wconf 73' lang='lat' dir='ltr'><em>adhibitis</em></span> <span class='ocrx_word' id='word_1_33' title='bbox 1167 311 1317 354; x_wconf 77' lang='lat' dir='ltr'><em>Bacch.</em></span> <span class='ocrx_word' id='word_1_34' title='bbox 1342 327 1378 355; x_wconf 83' lang='lat' dir='ltr'><em>v.</em></span> <span class='ocrx_word' id='word_1_35' title='bbox 1397 316 1455 356; x_wconf 93' lang='lat'><em>88</em></span> <span class='ocrx_word' id='word_1_36' title='bbox 1477 317 1515 357; x_wconf 85' lang='lat' dir='ltr'><em>et</em></span> 
     </span>
     <span class='ocr_line' id='line_1_6' title="bbox 167 367 1513 423; baseline 0.005 -15"><span class='ocrx_word' id='word_1_37' title='bbox 167 367 318 409; x_wconf 86' lang='lat' dir='ltr'><em>Heaut.</em></span> <span class='ocrx_word' id='word_1_38' title='bbox 356 382 390 408; x_wconf 85' lang='lat' dir='ltr'><em>v.</em></span> <span class='ocrx_word' id='word_1_39' title='bbox 417 370 527 409; x_wconf 80' lang='lat'><strong><em>1033</em></strong></span> <span class='ocrx_word' id='word_1_40' title='bbox 563 368 694 410; x_wconf 90' lang='lat' dir='ltr'><em>simili</em></span> <span class='ocrx_word' id='word_1_41' title='bbox 731 369 881 411; x_wconf 88' lang='lat' dir='ltr'><em>duritie</em></span> <span class='ocrx_word' id='word_1_42' title='bbox 917 369 1169 423; x_wconf 73' lang='lat' dir='ltr'><em>insiynibus:</em></span> <span class='ocrx_word' id='word_1_43' title='bbox 1208 374 1255 413; x_wconf 88' lang='lat' dir='ltr'><em>at</em></span> <span class='ocrx_word' id='word_1_44' title='bbox 1293 371 1380 414; x_wconf 86' lang='lat' dir='ltr'><em>illis</em></span> <span class='ocrx_word' id='word_1_45' title='bbox 1416 372 1513 415; x_wconf 81' lang='lat' dir='ltr'><em>locis</em></span> 
     </span>
     <span class='ocr_line' id='line_1_7' title="bbox 166 426 1514 486; baseline 0.005 -19"><span class='ocrx_word' id='word_1_46' title='bbox 166 429 394 468; x_wconf 76' lang='lat' dir='ltr'><em>structurae</em></span> <span class='ocrx_word' id='word_1_47' title='bbox 423 426 685 469; x_wconf 73' lang='lat' dir='ltr'><em>insolentiam</em></span> <span class='ocrx_word' id='word_1_48' title='bbox 714 427 840 469; x_wconf 90' lang='lat' dir='ltr'><em>multo</em></span> <span class='ocrx_word' id='word_1_49' title='bbox 865 441 948 470; x_wconf 87' lang='lat' dir='ltr'><em>esse</em></span> <span class='ocrx_word' id='word_1_50' title='bbox 977 429 1176 471; x_wconf 77' lang='lat' dir='ltr'><em>minorem</em></span> <span class='ocrx_word' id='word_1_51' title='bbox 1197 433 1409 484; x_wconf 87' lang='lat' dir='ltr'><em>putamus.</em></span> <span class='ocrx_word' id='word_1_52' title='bbox 1450 430 1514 486; x_wconf 68' lang='grc' dir='ltr'><em>ΟΥ.</em></span> 
     </span>
     <span class='ocr_line' id='line_1_8' title="bbox 168 483 1512 544; baseline 0.005 -18"><span class='ocrx_word' id='word_1_53' title='bbox 168 485 297 527; x_wconf 88' lang='lat' dir='ltr'><em>Merc.</em></span> <span class='ocrx_word' id='word_1_54' title='bbox 318 487 405 527; x_wconf 89' lang='grc'><em>887</em></span> <span class='ocrx_word' id='word_1_55' title='bbox 435 483 546 542; x_wconf 82' lang='lat' dir='ltr'><em>(cum</em></span> <span class='ocrx_word' id='word_1_56' title='bbox 576 486 755 528; x_wconf 84' lang='lat' dir='ltr'><em>adnotat.</em></span> <span class='ocrx_word' id='word_1_57' title='bbox 786 487 833 528; x_wconf 86' lang='lat' dir='ltr'><em>in</em></span> <span class='ocrx_word' id='word_1_58' title='bbox 862 487 939 529; x_wconf 79' lang='lat' dir='ltr'><em>hac</em></span> <span class='ocrx_word' id='word_1_59' title='bbox 969 485 1091 544; x_wconf 75' lang='lat' dir='ltr'><em>edit).</em></span> <span class='ocrx_word' id='word_1_60' title='bbox 1112 513 1167 518; x_wconf 87' lang='lat'>—</span> <span class='ocrx_word' id='word_1_61' title='bbox 1197 489 1265 532; x_wconf 87' lang='lat'><em>98.</em></span> <span class='ocrx_word' id='word_1_62' title='bbox 1297 489 1512 533; x_wconf 83' lang='lat' dir='ltr'><em>Palatino-</em></span> 
     </span>
     <span class='ocr_line' id='line_1_9' title="bbox 166 545 1512 601; baseline 0.005 -16"><span class='ocrx_word' id='word_1_63' title='bbox 166 558 261 586; x_wconf 93' lang='lat' dir='ltr'><em>rum</em></span> <span class='ocrx_word' id='word_1_64' title='bbox 279 545 527 597; x_wconf 73' lang='lat' dir='ltr'><em>scripturam</em></span> <span class='ocrx_word' id='word_1_65' title='bbox 545 545 716 587; x_wconf 89' lang='lat' dir='ltr'><em>dimetro</em></span> <span class='ocrx_word' id='word_1_66' title='bbox 741 546 939 588; x_wconf 75' lang='lat' dir='ltr'><em>trochaico</em></span> <span class='ocrx_word' id='word_1_67' title='bbox 964 547 1132 588; x_wconf 86' lang='lat' dir='ltr'><em>discribi</em></span> <span class='ocrx_word' id='word_1_68' title='bbox 1147 561 1269 601; x_wconf 87' lang='lat' dir='ltr'><em>posse</em></span> <span class='ocrx_word' id='word_1_69' title='bbox 1292 562 1364 591; x_wconf 88' lang='lat' dir='ltr'><em>nec</em></span> <span class='ocrx_word' id='word_1_70' title='bbox 1381 549 1512 592; x_wconf 83' lang='lat' dir='ltr'><em>videri</em></span> 
     </span>
     <span class='ocr_line' id='line_1_10' title="bbox 169 603 1511 659; baseline 0.005 -15"><span class='ocrx_word' id='word_1_71' title='bbox 169 603 426 645; x_wconf 88' lang='lat' dir='ltr'><em>abiciendam</em></span> <span class='ocrx_word' id='word_1_72' title='bbox 441 606 572 646; x_wconf 89' lang='lat' dir='ltr'><em>censet</em></span> <span class='ocrx_word' id='word_1_73' title='bbox 583 603 816 658; x_wconf 71' lang='lat' dir='ltr'><em>Seyffertus.</em></span> <span class='ocrx_word' id='word_1_74' title='bbox 826 630 881 634; x_wconf 94' lang='lat'>—</span> <span class='ocrx_word' id='word_1_75' title='bbox 893 606 913 646; x_wconf 92' lang='lat'><strong><em>1</em></strong></span> <span class='ocrx_word' id='word_1_76' title='bbox 923 606 988 648; x_wconf 91' lang='grc'><em>18.</em></span> <span class='ocrx_word' id='word_1_77' title='bbox 1006 604 1067 659; x_wconf 80' lang='lat' dir='ltr'><em>Cf.</em></span> <span class='ocrx_word' id='word_1_78' title='bbox 1082 605 1321 650; x_wconf 80' lang='lat' dir='ltr'><em>Skutschius</em></span> <span class='ocrx_word' id='word_1_79' title='bbox 1338 609 1387 650; x_wconf 86' lang='lat' dir='ltr'><em>de</em></span> <span class='ocrx_word' id='word_1_80' title='bbox 1403 621 1511 651; x_wconf 91' lang='lat' dir='ltr'><em>nom.</em></span> 
     </span>
     <span class='ocr_line' id='line_1_11' title="bbox 167 662 1512 724; baseline 0.005 -21"><span class='ocrx_word' id='word_1_81' title='bbox 167 662 235 704; x_wconf 85' lang='lat' dir='ltr'><em>lat.</em></span> <span class='ocrx_word' id='word_1_82' title='bbox 255 663 401 716; x_wconf 75' lang='lat' dir='ltr'><em>suffixi</em></span> <span class='ocrx_word' id='word_1_83' title='bbox 420 676 509 704; x_wconf 91' lang='lat' dir='ltr'><em>-no-</em></span> <span class='ocrx_word' id='word_1_84' title='bbox 527 676 598 716; x_wconf 86' lang='lat' dir='ltr'><em>ope</em></span> <span class='ocrx_word' id='word_1_85' title='bbox 613 665 733 716; x_wconf 78' lang='lat' dir='ltr'><em>form.</em></span> <span class='ocrx_word' id='word_1_86' title='bbox 746 678 790 717; x_wconf 93' lang='lat' dir='ltr'><em>p.</em></span> <span class='ocrx_word' id='word_1_87' title='bbox 807 663 862 705; x_wconf 91' lang='lat' dir='ltr'><em>X.</em></span> <span class='ocrx_word' id='word_1_88' title='bbox 876 689 931 693; x_wconf 91' lang='lat'><strong>—</strong></span> <span class='ocrx_word' id='word_1_89' title='bbox 955 664 1050 706; x_wconf 84' lang='lat'><em>120.</em></span> <span class='ocrx_word' id='word_1_90' title='bbox 1069 665 1129 706; x_wconf 92' lang='lat' dir='ltr'><em>mi</em></span> <span class='ocrx_word' id='word_1_91' title='bbox 1149 663 1247 722; x_wconf 75' lang='lat' dir='ltr'><em>(pro</em></span> <span class='ocrx_word' id='word_1_92' title='bbox 1265 664 1352 724; x_wconf 87' lang='lat' dir='ltr'><em>me)</em></span> <span class='ocrx_word' id='word_1_93' title='bbox 1372 681 1512 709; x_wconf 84' lang='lat' dir='ltr'><em>emere.</em></span> 
     </span>
     <span class='ocr_line' id='line_1_12' title="bbox 166 720 1510 778; baseline 0.004 -16"><span class='ocrx_word' id='word_1_94' title='bbox 166 720 409 763; x_wconf 86' lang='lat' dir='ltr'><em>Redslobius</em></span> <span class='ocrx_word' id='word_1_95' title='bbox 434 721 504 763; x_wconf 73' lang='lat' dir='ltr'><em>‘N</em></span> <span class='ocrx_word' id='word_1_96' title='bbox 528 722 671 775; x_wconf 77' lang='lat' dir='ltr'><em>philol.</em></span> <span class='ocrx_word' id='word_1_97' title='bbox 703 722 927 765; x_wconf 72' lang='lat' dir='ltr'><em>Rundscli.9</em></span> <span class='ocrx_word' id='word_1_98' title='bbox 960 737 996 765; x_wconf 90' lang='lat' dir='ltr'><em>a.</em></span> <span class='ocrx_word' id='word_1_99' title='bbox 1017 726 1131 766; x_wconf 84' lang='lat'><em>1887</em></span> <span class='ocrx_word' id='word_1_100' title='bbox 1149 738 1194 778; x_wconf 92' lang='lat' dir='ltr'><em>p.</em></span> <span class='ocrx_word' id='word_1_101' title='bbox 1220 727 1316 767; x_wconf 80' lang='grc'><strong>213.</strong></span> <span class='ocrx_word' id='word_1_102' title='bbox 1336 750 1392 756; x_wconf 83' lang='lat'>—</span> <span class='ocrx_word' id='word_1_103' title='bbox 1415 726 1510 768; x_wconf 83' lang='lat'><em>135.</em></span> 
     </span>
     <span class='ocr_line' id='line_1_13' title="bbox 168 775 1511 839; baseline 0.004 -18"><span class='ocrx_word' id='word_1_104' title='bbox 168 779 382 822; x_wconf 77' lang='lat' dir='ltr'><em>Skutschio</em></span> <span class='ocrx_word' id='word_1_105' title='bbox 408 778 627 836; x_wconf 76' lang='lat' dir='ltr'><em>(‘Forscli.&#39;</em></span> <span class='ocrx_word' id='word_1_106' title='bbox 641 781 675 822; x_wconf 89' lang='lat' dir='ltr'><strong>I</strong></span> <span class='ocrx_word' id='word_1_107' title='bbox 677 795 722 835; x_wconf 92' lang='lat' dir='ltr'><em>p.</em></span> <span class='ocrx_word' id='word_1_108' title='bbox 742 785 825 824; x_wconf 87' lang='lat'><em>106</em></span> <span class='ocrx_word' id='word_1_109' title='bbox 836 780 939 839; x_wconf 79' lang='lat' dir='ltr'><em>sqq.)</em></span> <span class='ocrx_word' id='word_1_110' title='bbox 965 783 1146 825; x_wconf 70' lang='lat' dir='ltr'><em>metienti</em></span> <span class='ocrx_word' id='word_1_111' title='bbox 1163 775 1289 826; x_wconf 75' lang='lat' dir='ltr'><em>Illam</em></span> <span class='ocrx_word' id='word_1_112' title='bbox 1314 785 1511 827; x_wconf 64' lang='lat' dir='ltr'><em>amabam</em></span> 
     </span>
     <span class='ocr_line' id='line_1_14' title="bbox 168 839 1511 895; baseline 0.006 -16"><span class='ocrx_word' id='word_1_113' title='bbox 168 839 288 880; x_wconf 71' lang='lat' dir='ltr'><em>olim:</em></span> <span class='ocrx_word' id='word_1_114' title='bbox 324 839 525 881; x_wconf 80' lang='lat' dir='ltr'><em>nunciam</em></span> <span class='ocrx_word' id='word_1_115' title='bbox 556 854 585 882; x_wconf 90' lang='lat' dir='ltr'><em>e.</em></span> <span class='ocrx_word' id='word_1_116' title='bbox 612 854 646 893; x_wconf 78' lang='lat' dir='ltr'><em>q.</em></span> <span class='ocrx_word' id='word_1_117' title='bbox 672 854 703 882; x_wconf 87' lang='lat' dir='ltr'><em>s.</em></span> <span class='ocrx_word' id='word_1_118' title='bbox 735 854 826 882; x_wconf 89' lang='lat' dir='ltr'><em>cum</em></span> <span class='ocrx_word' id='word_1_119' title='bbox 851 845 1018 895; x_wconf 85' lang='lat' dir='ltr'><em>propter</em></span> <span class='ocrx_word' id='word_1_120' title='bbox 1049 842 1158 884; x_wconf 88' lang='lat' dir='ltr'><em>alias</em></span> <span class='ocrx_word' id='word_1_121' title='bbox 1187 844 1367 886; x_wconf 85' lang='lat' dir='ltr'><em>rationes</em></span> <span class='ocrx_word' id='word_1_122' title='bbox 1403 844 1511 887; x_wconf 82' lang='lat' dir='ltr'><em>obse—</em></span> 
     </span>
     <span class='ocr_line' id='line_1_15' title="bbox 166 898 1509 953; baseline 0.004 -14"><span class='ocrx_word' id='word_1_123' title='bbox 166 898 249 939; x_wconf 87' lang='lat' dir='ltr'><em>cuti</em></span> <span class='ocrx_word' id='word_1_124' title='bbox 278 912 361 940; x_wconf 93' lang='lat' dir='ltr'><em>non</em></span> <span class='ocrx_word' id='word_1_125' title='bbox 391 911 550 951; x_wconf 87' lang='lat' dir='ltr'><em>sumus,</em></span> <span class='ocrx_word' id='word_1_126' title='bbox 583 902 669 941; x_wconf 90' lang='lat' dir='ltr'><em>tum</em></span> <span class='ocrx_word' id='word_1_127' title='bbox 699 901 799 953; x_wconf 78' lang='lat' dir='ltr'><em>quia</em></span> <span class='ocrx_word' id='word_1_128' title='bbox 833 900 1033 942; x_wconf 78' lang='lat' dir='ltr'><em>nunciam</em></span> <span class='ocrx_word' id='word_1_129' title='bbox 1071 902 1236 944; x_wconf 89' lang='lat' dir='ltr'><em>omnino</em></span> <span class='ocrx_word' id='word_1_130' title='bbox 1267 902 1396 944; x_wconf 90' lang='lat' dir='ltr'><em>locum</em></span> <span class='ocrx_word' id='word_1_131' title='bbox 1426 916 1509 946; x_wconf 91' lang='lat' dir='ltr'><em>non</em></span> 
     </span>
     <span class='ocr_line' id='line_1_16' title="bbox 164 956 1510 1015; baseline 0.004 -17"><span class='ocrx_word' id='word_1_132' title='bbox 164 956 286 999; x_wconf 78' lang='lat' dir='ltr'><em>habet</em></span> <span class='ocrx_word' id='word_1_133' title='bbox 322 958 369 999; x_wconf 88' lang='lat' dir='ltr'><em>in</em></span> <span class='ocrx_word' id='word_1_134' title='bbox 403 958 479 1000; x_wconf 77' lang='lat' dir='ltr'><em>hac</em></span> <span class='ocrx_word' id='word_1_135' title='bbox 515 958 724 1000; x_wconf 86' lang='lat' dir='ltr'><em>sententia.</em></span> <span class='ocrx_word' id='word_1_136' title='bbox 758 984 813 989; x_wconf 86' lang='lat'><em>—-</em></span> <span class='ocrx_word' id='word_1_137' title='bbox 848 959 943 1002; x_wconf 84' lang='lat'><em>136.</em></span> <span class='ocrx_word' id='word_1_138' title='bbox 974 959 1192 1002; x_wconf 88' lang='lat' dir='ltr'><em>hominem</em></span> <span class='ocrx_word' id='word_1_139' title='bbox 1223 961 1361 1015; x_wconf 77' lang='lat' dir='ltr'><em>aliquo</em></span> <span class='ocrx_word' id='word_1_140' title='bbox 1390 963 1510 1004; x_wconf 90' lang='lat' dir='ltr'><em>modo</em></span> 
     </span>
     <span class='ocr_line' id='line_1_17' title="bbox 165 1017 1508 1074; baseline 0.004 -16"><span class='ocrx_word' id='word_1_141' title='bbox 165 1017 328 1070; x_wconf 82' lang='lat' dir='ltr'><em>defendi</em></span> <span class='ocrx_word' id='word_1_142' title='bbox 349 1030 487 1070; x_wconf 86' lang='lat' dir='ltr'><em>posse,</em></span> <span class='ocrx_word' id='word_1_143' title='bbox 519 1017 557 1058; x_wconf 87' lang='lat' dir='ltr'><em>si</em></span> <span class='ocrx_word' id='word_1_144' title='bbox 587 1017 632 1058; x_wconf 82' lang='lat' dir='ltr'><em>id</em></span> <span class='ocrx_word' id='word_1_145' title='bbox 669 1017 783 1072; x_wconf 90' lang='lat' dir='ltr'><em>quod</em></span> <span class='ocrx_word' id='word_1_146' title='bbox 804 1032 886 1071; x_wconf 91' lang='lat' dir='ltr'><em>pro</em></span> <span class='ocrx_word' id='word_1_147' title='bbox 917 1018 1062 1061; x_wconf 91' lang='lat' dir='ltr'><em>obiecto</em></span> <span class='ocrx_word' id='word_1_148' title='bbox 1091 1020 1406 1074; x_wconf 71' lang='lat' dir='ltr'><em>inyratitudinis</em></span> <span class='ocrx_word' id='word_1_149' title='bbox 1434 1021 1508 1062; x_wconf 80' lang='lat' dir='ltr'><em>ha-</em></span> 
     </span>
     <span class='ocr_line' id='line_1_18' title="bbox 166 1075 1510 1130; baseline 0.004 -14"><span class='ocrx_word' id='word_1_150' title='bbox 166 1075 332 1117; x_wconf 86' lang='lat' dir='ltr'><em>beamus</em></span> <span class='ocrx_word' id='word_1_151' title='bbox 375 1076 545 1118; x_wconf 83' lang='lat' dir='ltr'><em>adnotat</em></span> <span class='ocrx_word' id='word_1_152' title='bbox 574 1075 806 1130; x_wconf 73' lang='lat' dir='ltr'><em>Seyffertus.</em></span> <span class='ocrx_word' id='word_1_153' title='bbox 845 1102 900 1106; x_wconf 92' lang='lat'>—</span> <span class='ocrx_word' id='word_1_154' title='bbox 941 1077 1035 1119; x_wconf 84' lang='lat'><em>141.</em></span> <span class='ocrx_word' id='word_1_155' title='bbox 1075 1077 1187 1128; x_wconf 83' lang='lat' dir='ltr'><em>Quid</em></span> <span class='ocrx_word' id='word_1_156' title='bbox 1215 1078 1341 1121; x_wconf 72' lang='lat' dir='ltr'><em>istic?</em></span> <span class='ocrx_word' id='word_1_157' title='bbox 1378 1079 1510 1121; x_wconf 81' lang='lat' dir='ltr'><em>uerba</em></span> 
     </span>
     <span class='ocr_line' id='line_1_19' title="bbox 164 1134 1507 1192; baseline 0.004 -17"><span class='ocrx_word' id='word_1_158' title='bbox 164 1134 344 1175; x_wconf 85' lang='lat' dir='ltr'><em>facimus</em></span> <span class='ocrx_word' id='word_1_159' title='bbox 387 1138 547 1177; x_wconf 85' lang='lat' dir='ltr'><em>auctore</em></span> <span class='ocrx_word' id='word_1_160' title='bbox 591 1135 868 1178; x_wconf 81' lang='lat' dir='ltr'><em>Studemundo</em></span> <span class='ocrx_word' id='word_1_161' title='bbox 897 1137 1085 1190; x_wconf 78' lang='lat' dir='ltr'><em>praefert</em></span> <span class='ocrx_word' id='word_1_162' title='bbox 1122 1137 1308 1180; x_wconf 80' lang='lat' dir='ltr'><em>Bacln&#39;us</em></span> <span class='ocrx_word' id='word_1_163' title='bbox 1338 1152 1384 1192; x_wconf 92' lang='lat' dir='ltr'><em>p.</em></span> <span class='ocrx_word' id='word_1_164' title='bbox 1408 1141 1507 1181; x_wconf 87' lang='grc'><strong>271.</strong></span> 
     </span>
     <span class='ocr_line' id='line_1_20' title="bbox 169 1191 1507 1251; baseline 0.004 -17"><span class='ocrx_word' id='word_1_165' title='bbox 169 1192 321 1235; x_wconf 81' lang='lat' dir='ltr'><em>Contra</em></span> <span class='ocrx_word' id='word_1_166' title='bbox 358 1191 580 1247; x_wconf 69' lang='lat' dir='ltr'><em>Seyffertus</em></span> <span class='ocrx_word' id='word_1_167' title='bbox 612 1194 736 1236; x_wconf 89' lang='lat' dir='ltr'><em>Most.</em></span> <span class='ocrx_word' id='word_1_168' title='bbox 774 1209 808 1236; x_wconf 84' lang='lat' dir='ltr'><em>v.</em></span> <span class='ocrx_word' id='word_1_169' title='bbox 834 1196 917 1236; x_wconf 74' lang='grc'><em>584</em></span> <span class='ocrx_word' id='word_1_170' title='bbox 954 1199 993 1237; x_wconf 93' lang='lat' dir='ltr'><em>et</em></span> <span class='ocrx_word' id='word_1_171' title='bbox 1026 1194 1149 1238; x_wconf 79' lang='lat' dir='ltr'><em>Stich.</em></span> <span class='ocrx_word' id='word_1_172' title='bbox 1185 1211 1221 1238; x_wconf 84' lang='lat' dir='ltr'><em>v.</em></span> <span class='ocrx_word' id='word_1_173' title='bbox 1248 1200 1331 1238; x_wconf 82' lang='grc'><strong>714</strong></span> <span class='ocrx_word' id='word_1_174' title='bbox 1362 1198 1507 1251; x_wconf 81' lang='lat' dir='ltr'><em>adfert.</em></span> 
     </span>
     <span class='ocr_line' id='line_1_21' title="bbox 165 1251 1507 1309; baseline 0.004 -17"><span class='ocrx_word' id='word_1_175' title='bbox 165 1276 220 1281; x_wconf 89' lang='lat'><em>-—</em></span> <span class='ocrx_word' id='word_1_176' title='bbox 256 1251 351 1293; x_wconf 82' lang='lat'><em>152.</em></span> <span class='ocrx_word' id='word_1_177' title='bbox 382 1251 542 1307; x_wconf 78' lang='lat' dir='ltr'><em>Aliqua</em></span> <span class='ocrx_word' id='word_1_178' title='bbox 576 1254 687 1308; x_wconf 85' lang='lat' dir='ltr'><em>[ope]</em></span> <span class='ocrx_word' id='word_1_179' title='bbox 723 1254 919 1295; x_wconf 82' lang='lat' dir='ltr'><em>exsoluar</em></span> <span class='ocrx_word' id='word_1_180' title='bbox 948 1268 1040 1296; x_wconf 89' lang='lat' dir='ltr'><em>cum</em></span> <span class='ocrx_word' id='word_1_181' title='bbox 1069 1254 1265 1309; x_wconf 72' lang='lat' dir='ltr'><em>Lanyeno</em></span> <span class='ocrx_word' id='word_1_182' title='bbox 1289 1259 1331 1298; x_wconf 87' lang='lat' dir='ltr'><em>et</em></span> <span class='ocrx_word' id='word_1_183' title='bbox 1357 1256 1507 1298; x_wconf 89' lang='lat' dir='ltr'><em>Nettle-</em></span> 
     </span>
     <span class='ocr_line' id='line_1_22' title="bbox 163 1311 1509 1366; baseline 0.004 -14"><span class='ocrx_word' id='word_1_184' title='bbox 163 1311 297 1364; x_wconf 81' lang='lat' dir='ltr'><em>shipio</em></span> <span class='ocrx_word' id='word_1_185' title='bbox 338 1311 555 1353; x_wconf 76' lang='lat' dir='ltr'><em>Abraham</em></span> <span class='ocrx_word' id='word_1_186' title='bbox 598 1311 711 1354; x_wconf 83' lang='lat' dir='ltr'><em>Stud.</em></span> <span class='ocrx_word' id='word_1_187' title='bbox 756 1312 823 1354; x_wconf 87' lang='lat' dir='ltr'><em>Pl.</em></span> <span class='ocrx_word' id='word_1_188' title='bbox 858 1327 903 1366; x_wconf 90' lang='lat' dir='ltr'><em>p.</em></span> <span class='ocrx_word' id='word_1_189' title='bbox 928 1316 1026 1356; x_wconf 88' lang='grc'><strong>221.</strong></span> <span class='ocrx_word' id='word_1_190' title='bbox 1059 1339 1115 1343; x_wconf 89' lang='lat'><em>-—</em></span> <span class='ocrx_word' id='word_1_191' title='bbox 1149 1313 1244 1357; x_wconf 85' lang='lat'><em>165.</em></span> <span class='ocrx_word' id='word_1_192' title='bbox 1282 1314 1509 1357; x_wconf 87' lang='lat' dir='ltr'><em>Palatinae</em></span> 
     </span>
     <span class='ocr_line' id='line_1_23' title="bbox 162 1370 1505 1427; baseline 0.004 -16"><span class='ocrx_word' id='word_1_193' title='bbox 162 1370 409 1412; x_wconf 89' lang='lat' dir='ltr'><em>recensionis</em></span> <span class='ocrx_word' id='word_1_194' title='bbox 438 1371 687 1424; x_wconf 73' lang='lat' dir='ltr'><em>scripturam</em></span> <span class='ocrx_word' id='word_1_195' title='bbox 717 1375 872 1414; x_wconf 82' lang='lat' dir='ltr'><em>tutatur</em></span> <span class='ocrx_word' id='word_1_196' title='bbox 901 1372 1125 1426; x_wconf 73' lang='lat' dir='ltr'><em>Lanyenus</em></span> <span class='ocrx_word' id='word_1_197' title='bbox 1155 1373 1314 1415; x_wconf 65' lang='lat' dir='ltr'><em>‘Beitrz&#39;</em></span> <span class='ocrx_word' id='word_1_198' title='bbox 1337 1387 1383 1427; x_wconf 92' lang='lat' dir='ltr'><em>p.</em></span> <span class='ocrx_word' id='word_1_199' title='bbox 1408 1376 1505 1416; x_wconf 86' lang='grc'><strong>266.</strong></span> 
     </span>
     <span class='ocr_line' id='line_1_24' title="bbox 164 1429 1506 1484; baseline 0.004 -15"><span class='ocrx_word' id='word_1_200' title='bbox 164 1453 219 1458; x_wconf 82' lang='lat'><em>-—</em></span> <span class='ocrx_word' id='word_1_201' title='bbox 255 1429 335 1471; x_wconf 85' lang='lat'><em>181</em></span> <span class='ocrx_word' id='word_1_202' title='bbox 357 1443 418 1483; x_wconf 85' lang='lat' dir='ltr'><em>sq.</em></span> <span class='ocrx_word' id='word_1_203' title='bbox 451 1432 655 1471; x_wconf 60' lang='lat' dir='ltr'><em>atessacete</em></span> <span class='ocrx_word' id='word_1_204' title='bbox 679 1431 820 1483; x_wconf 86' lang='lat' dir='ltr'><em>potius</em></span> <span class='ocrx_word' id='word_1_205' title='bbox 849 1445 975 1484; x_wconf 80' lang='lat' dir='ltr'><em>quam</em></span> <span class='ocrx_word' id='word_1_206' title='bbox 1010 1431 1231 1473; x_wconf 72' lang='lat' dir='ltr'><em>ateitacete</em></span> <span class='ocrx_word' id='word_1_207' title='bbox 1261 1430 1327 1473; x_wconf 79' lang='lat' dir='ltr'><em>B²</em></span> <span class='ocrx_word' id='word_1_208' title='bbox 1361 1432 1506 1474; x_wconf 79' lang='lat' dir='ltr'><em>habere</em></span> 
     </span>
     <span class='ocr_line' id='line_1_25' title="bbox 165 1486 1504 1546; baseline 0.003 -18"><span class='ocrx_word' id='word_1_209' title='bbox 165 1486 388 1541; x_wconf 70' lang='lat' dir='ltr'><em>Seyffertus</em></span> <span class='ocrx_word' id='word_1_210' title='bbox 419 1502 468 1529; x_wconf 81' lang='lat' dir='ltr'><em>coc</em></span> <span class='ocrx_word' id='word_1_211' title='bbox 493 1487 765 1531; x_wconf 82' lang='lat' dir='ltr'><em>Studemundi</em></span> <span class='ocrx_word' id='word_1_212' title='bbox 795 1489 1005 1532; x_wconf 88' lang='lat' dir='ltr'><em>collatione</em></span> <span class='ocrx_word' id='word_1_213' title='bbox 1034 1491 1202 1532; x_wconf 90' lang='lat' dir='ltr'><em>monuit.</em></span> <span class='ocrx_word' id='word_1_214' title='bbox 1223 1515 1278 1520; x_wconf 88' lang='grc'><strong>-</strong></span> <span class='ocrx_word' id='word_1_215' title='bbox 1299 1490 1398 1532; x_wconf 88' lang='grc'><strong>204.</strong></span> <span class='ocrx_word' id='word_1_216' title='bbox 1422 1490 1504 1546; x_wconf 77' lang='lat' dir='ltr'><em>Ah,</em></span> 
     </span>
     <span class='ocr_line' id='line_1_26' title="bbox 162 1545 1505 1606; baseline 0.004 -19"><span class='ocrx_word' id='word_1_217' title='bbox 162 1559 286 1587; x_wconf 84' lang='lat' dir='ltr'><em>mane</em></span> <span class='ocrx_word' id='word_1_218' title='bbox 336 1545 569 1588; x_wconf 74' lang='lat' dir='ltr'><em>Sclioellius.</em></span> <span class='ocrx_word' id='word_1_219' title='bbox 607 1572 663 1577; x_wconf 84' lang='lat'><em>—-</em></span> <span class='ocrx_word' id='word_1_220' title='bbox 705 1548 802 1589; x_wconf 80' lang='lat'><em>272.</em></span> <span class='ocrx_word' id='word_1_221' title='bbox 844 1562 931 1590; x_wconf 90' lang='lat' dir='ltr'><em>non</em></span> <span class='ocrx_word' id='word_1_222' title='bbox 979 1549 1185 1602; x_wconf 78' lang='lat' dir='ltr'><em>uen[er]i†.</em></span> <span class='ocrx_word' id='word_1_223' title='bbox 1233 1547 1302 1606; x_wconf 81' lang='lat' dir='ltr'><em>(cf.</em></span> <span class='ocrx_word' id='word_1_224' title='bbox 1338 1564 1373 1592; x_wconf 81' lang='lat' dir='ltr'><em>v.</em></span> <span class='ocrx_word' id='word_1_225' title='bbox 1399 1548 1505 1606; x_wconf 87' lang='grc'><strong>271)</strong></span> 
     </span>
     <span class='ocr_line' id='line_1_27' title="bbox 164 1604 1505 1661; baseline 0.003 -15"><span class='ocrx_word' id='word_1_226' title='bbox 164 1604 406 1646; x_wconf 86' lang='lat' dir='ltr'><em>Redslobius</em></span> <span class='ocrx_word' id='word_1_227' title='bbox 426 1604 494 1647; x_wconf 74' lang='lat' dir='ltr'><em>‘N</em></span> <span class='ocrx_word' id='word_1_228' title='bbox 507 1605 612 1659; x_wconf 76' lang='lat' dir='ltr'><em>phil.</em></span> <span class='ocrx_word' id='word_1_229' title='bbox 633 1605 856 1648; x_wconf 66' lang='lat' dir='ltr'><em>Rundsck?</em></span> <span class='ocrx_word' id='word_1_230' title='bbox 882 1621 920 1648; x_wconf 91' lang='lat' dir='ltr'><em>a.</em></span> <span class='ocrx_word' id='word_1_231' title='bbox 935 1610 1048 1650; x_wconf 92' lang='grc'><em>1888</em></span> <span class='ocrx_word' id='word_1_232' title='bbox 1063 1622 1109 1661; x_wconf 91' lang='lat' dir='ltr'><em>p.</em></span> <span class='ocrx_word' id='word_1_233' title='bbox 1123 1611 1214 1650; x_wconf 88' lang='grc'><strong>116.</strong></span> <span class='ocrx_word' id='word_1_234' title='bbox 1235 1633 1291 1638; x_wconf 77' lang='lat'><em>—-—</em></span> <span class='ocrx_word' id='word_1_235' title='bbox 1312 1609 1408 1651; x_wconf 83' lang='lat'><em>273.</em></span> <span class='ocrx_word' id='word_1_236' title='bbox 1434 1608 1505 1650; x_wconf 86' lang='lat' dir='ltr'><em>hic</em></span> 
     </span>
     <span class='ocr_line' id='line_1_28' title="bbox 155 1662 1505 1722; baseline 0.003 -17"><span class='ocrx_word' id='word_1_237' title='bbox 155 1664 375 1717; x_wconf 85' lang='lat' dir='ltr'><em>posuimus</em></span> <span class='ocrx_word' id='word_1_238' title='bbox 405 1662 596 1718; x_wconf 72' lang='lat' dir='ltr'><em>Seyfferti</em></span> <span class='ocrx_word' id='word_1_239' title='bbox 625 1678 764 1707; x_wconf 86' lang='lat' dir='ltr'><em>suasu.</em></span> <span class='ocrx_word' id='word_1_240' title='bbox 791 1690 846 1695; x_wconf 88' lang='lat'><em>-—</em></span> <span class='ocrx_word' id='word_1_241' title='bbox 880 1667 976 1709; x_wconf 85' lang='grc'><strong>283.</strong></span> <span class='ocrx_word' id='word_1_242' title='bbox 1008 1666 1098 1708; x_wconf 80' lang='lat' dir='ltr'><em>sibe</em></span> <span class='ocrx_word' id='word_1_243' title='bbox 1129 1667 1242 1722; x_wconf 85' lang='lat' dir='ltr'><em>sapis</em></span> <span class='ocrx_word' id='word_1_244' title='bbox 1274 1667 1505 1710; x_wconf 89' lang='lat' dir='ltr'><em>Nencinius</em></span> 
     </span>
     <span class='ocr_line' id='line_1_29' title="bbox 163 1722 1503 1782; baseline 0.004 -19"><span class='ocrx_word' id='word_1_245' title='bbox 163 1722 186 1764; x_wconf 94' lang='lat' dir='ltr'><em>l.</em></span> <span class='ocrx_word' id='word_1_246' title='bbox 213 1735 244 1764; x_wconf 93' lang='lat' dir='ltr'><em>s.</em></span> <span class='ocrx_word' id='word_1_247' title='bbox 269 1735 301 1764; x_wconf 88' lang='lat' dir='ltr'><em>s.</em></span> <span class='ocrx_word' id='word_1_248' title='bbox 334 1747 389 1752; x_wconf 82' lang='lat'><em>———</em></span> <span class='ocrx_word' id='word_1_249' title='bbox 422 1723 519 1765; x_wconf 82' lang='lat'><em>293.</em></span> <span class='ocrx_word' id='word_1_250' title='bbox 554 1722 641 1765; x_wconf 83' lang='lat' dir='ltr'><em>PE.</em></span> <span class='ocrx_word' id='word_1_251' title='bbox 672 1723 854 1766; x_wconf 81' lang='lat' dir='ltr'><em>om.B1:</em></span> <span class='ocrx_word' id='word_1_252' title='bbox 892 1726 976 1767; x_wconf 82' lang='lat' dir='ltr'><em>adol</em></span> <span class='ocrx_word' id='word_1_253' title='bbox 1003 1724 1074 1767; x_wconf 58' lang='grc' dir='ltr'><em>ΒΞ.</em></span> <span class='ocrx_word' id='word_1_254' title='bbox 1106 1750 1163 1756; x_wconf 84' lang='grc'>-</span> <span class='ocrx_word' id='word_1_255' title='bbox 1193 1725 1375 1768; x_wconf 79' lang='lat' dir='ltr'><em>habeam</em></span> <span class='ocrx_word' id='word_1_256' title='bbox 1410 1741 1503 1782; x_wconf 85' lang='lat' dir='ltr'><em>gra-</em></span> 
     </span>
     <span class='ocr_line' id='line_1_30' title="bbox 162 1779 1549 1836; baseline 0.004 -14"><span class='ocrx_word' id='word_1_257' title='bbox 162 1781 267 1822; x_wconf 74' lang='lat' dir='ltr'><em>tiam</em></span> <span class='ocrx_word' id='word_1_258' title='bbox 294 1779 516 1835; x_wconf 75' lang='lat' dir='ltr'><em>Seyffertus</em></span> <span class='ocrx_word' id='word_1_259' title='bbox 547 1783 630 1825; x_wconf 91' lang='lat' dir='ltr'><em>coll.</em></span> <span class='ocrx_word' id='word_1_260' title='bbox 660 1783 776 1825; x_wconf 79' lang='lat' dir='ltr'><em>Trin.</em></span> <span class='ocrx_word' id='word_1_261' title='bbox 801 1798 836 1826; x_wconf 81' lang='lat' dir='ltr'><em>v.</em></span> <span class='ocrx_word' id='word_1_262' title='bbox 861 1787 980 1826; x_wconf 80' lang='lat'><em>1136.</em></span> <span class='ocrx_word' id='word_1_263' title='bbox 1012 1784 1160 1826; x_wconf 75' lang='lat' dir='ltr'><em>Bacch.</em></span> <span class='ocrx_word' id='word_1_264' title='bbox 1185 1799 1221 1827; x_wconf 86' lang='lat' dir='ltr'><em>v.</em></span> <span class='ocrx_word' id='word_1_265' title='bbox 1246 1786 1366 1836; x_wconf 87' lang='lat'><em>1058,</em></span> <span class='ocrx_word' id='word_1_266' title='bbox 1393 1785 1504 1826; x_wconf 86' lang='lat' dir='ltr'><em>aliis.</em></span> <span class='ocrx_word' id='word_1_267' title='bbox 1548 1796 1549 1799; x_wconf 73' lang='grc'>’</span> 
     </span>
     <span class='ocr_line' id='line_1_31' title="bbox 163 1839 1555 1895; baseline 0.003 -15"><span class='ocrx_word' id='word_1_268' title='bbox 163 1865 219 1869; x_wconf 91' lang='grc'><strong>-</strong></span> <span class='ocrx_word' id='word_1_269' title='bbox 252 1840 348 1882; x_wconf 88' lang='grc'><strong>316.</strong></span> <span class='ocrx_word' id='word_1_270' title='bbox 380 1839 573 1895; x_wconf 76' lang='lat' dir='ltr'><em>(Quae),</em></span> <span class='ocrx_word' id='word_1_271' title='bbox 605 1842 705 1883; x_wconf 84' lang='lat' dir='ltr'><em>dum</em></span> <span class='ocrx_word' id='word_1_272' title='bbox 736 1857 826 1883; x_wconf 82' lang='lat' dir='ltr'><em>rem</em></span> <span class='ocrx_word' id='word_1_273' title='bbox 858 1842 1000 1884; x_wconf 86' lang='lat' dir='ltr'><em>dinam</em></span> <span class='ocrx_word' id='word_1_274' title='bbox 1030 1843 1058 1884; x_wconf 83' lang='lat' dir='ltr'><em>f.</em></span> <span class='ocrx_word' id='word_1_275' title='bbox 1089 1843 1356 1886; x_wconf 78' lang='lat' dir='ltr'><em>Buechelerus</em></span> <span class='ocrx_word' id='word_1_276' title='bbox 1386 1842 1502 1885; x_wconf 86' lang='lat' dir='ltr'><em>Mus.</em></span> <span class='ocrx_word' id='word_1_277' title='bbox 1554 1853 1555 1857; x_wconf 75' lang='grc'>’</span> 
     </span>
     <span class='ocr_line' id='line_1_32' title="bbox 161 1898 1503 1954; baseline 0.002 -14"><span class='ocrx_word' id='word_1_278' title='bbox 161 1898 292 1941; x_wconf 75' lang='lat' dir='ltr'><em>Rhen.</em></span> <span class='ocrx_word' id='word_1_279' title='bbox 330 1902 354 1940; x_wconf 85' lang='lat' dir='ltr'><em>t.</em></span> <span class='ocrx_word' id='word_1_280' title='bbox 380 1898 569 1941; x_wconf 89' lang='lat' dir='ltr'><strong>XXXV</strong></span> <span class='ocrx_word' id='word_1_281' title='bbox 602 1914 647 1954; x_wconf 85' lang='lat' dir='ltr'><em>p.</em></span> <span class='ocrx_word' id='word_1_282' title='bbox 674 1904 760 1943; x_wconf 90' lang='grc'><em>628</em></span> <span class='ocrx_word' id='word_1_283' title='bbox 777 1915 833 1954; x_wconf 78' lang='lat' dir='ltr'><em>sq.</em></span> <span class='ocrx_word' id='word_1_284' title='bbox 872 1927 928 1931; x_wconf 87' lang='lat'><em>—-</em></span> <span class='ocrx_word' id='word_1_285' title='bbox 966 1902 1063 1945; x_wconf 84' lang='lat'><em>336.</em></span> <span class='ocrx_word' id='word_1_286' title='bbox 1113 1902 1355 1943; x_wconf 75' lang='lat' dir='ltr'><em>adiumento</em></span> <span class='ocrx_word' id='word_1_287' title='bbox 1404 1901 1503 1943; x_wconf 83' lang='lat' dir='ltr'><em>ades</em></span> 
     </span>
     <span class='ocr_line' id='line_1_33' title="bbox 162 1955 1502 2017; baseline 0.002 -18"><span class='ocrx_word' id='word_1_288' title='bbox 162 1957 385 2012; x_wconf 73' lang='lat' dir='ltr'><em>Seyffertus</em></span> <span class='ocrx_word' id='word_1_289' title='bbox 405 1955 508 2014; x_wconf 87' lang='lat' dir='ltr'><em>(coll.</em></span> <span class='ocrx_word' id='word_1_290' title='bbox 528 1958 678 2012; x_wconf 76' lang='lat' dir='ltr'><em>Amph.</em></span> <span class='ocrx_word' id='word_1_291' title='bbox 697 1975 733 2002; x_wconf 82' lang='lat' dir='ltr'><em>v.</em></span> <span class='ocrx_word' id='word_1_292' title='bbox 746 1963 853 2002; x_wconf 84' lang='lat'><em>1131</em></span> <span class='ocrx_word' id='word_1_293' title='bbox 872 1960 1020 2002; x_wconf 81' lang='lat' dir='ltr'><em>adsum</em></span> <span class='ocrx_word' id='word_1_294' title='bbox 1039 1959 1230 2017; x_wconf 81' lang='lat' dir='ltr'><em>auxilio).</em></span> <span class='ocrx_word' id='word_1_295' title='bbox 1245 1985 1299 1989; x_wconf 87' lang='lat'><em>——</em></span> <span class='ocrx_word' id='word_1_296' title='bbox 1315 1960 1399 2002; x_wconf 85' lang='lat'><em>349</em></span> <span class='ocrx_word' id='word_1_297' title='bbox 1410 1975 1502 2015; x_wconf 82' lang='lat' dir='ltr'><em>sqq.</em></span> 
     </span>
     <span class='ocr_line' id='line_1_34' title="bbox 165 2016 1503 2075; baseline 0.002 -17"><span class='ocrx_word' id='word_1_298' title='bbox 165 2016 227 2070; x_wconf 81' lang='lat' dir='ltr'><em>Cf.</em></span> <span class='ocrx_word' id='word_1_299' title='bbox 253 2016 336 2059; x_wconf 91' lang='lat' dir='ltr'><em>Leo</em></span> <span class='ocrx_word' id='word_1_300' title='bbox 358 2016 516 2059; x_wconf 85' lang='lat' dir='ltr'><em>Vindio.</em></span> <span class='ocrx_word' id='word_1_301' title='bbox 543 2017 614 2059; x_wconf 86' lang='lat' dir='ltr'><em>Pl.</em></span> <span class='ocrx_word' id='word_1_302' title='bbox 642 2016 719 2074; x_wconf 87' lang='lat' dir='ltr'><em>(ed.</em></span> <span class='ocrx_word' id='word_1_303' title='bbox 738 2018 923 2061; x_wconf 77' lang='lat' dir='ltr'><em>Rostocli.</em></span> <span class='ocrx_word' id='word_1_304' title='bbox 949 2034 986 2061; x_wconf 90' lang='lat' dir='ltr'><em>a.</em></span> <span class='ocrx_word' id='word_1_305' title='bbox 1006 2017 1138 2075; x_wconf 85' lang='lat'><em>1887)</em></span> <span class='ocrx_word' id='word_1_306' title='bbox 1154 2033 1199 2073; x_wconf 93' lang='lat' dir='ltr'><em>p.</em></span> <span class='ocrx_word' id='word_1_307' title='bbox 1219 2022 1248 2060; x_wconf 87' lang='lat'><em>3</em></span> <span class='ocrx_word' id='word_1_308' title='bbox 1265 2032 1347 2072; x_wconf 77' lang='lat' dir='ltr'><em>sqq.</em></span> <span class='ocrx_word' id='word_1_309' title='bbox 1380 2017 1503 2075; x_wconf 88' lang='lat' dir='ltr'><em>(adde</em></span> 
     </span>
     <span class='ocr_line' id='line_1_35' title="bbox 162 2074 1501 2134; baseline 0.001 -17"><span class='ocrx_word' id='word_1_310' title='bbox 162 2074 406 2117; x_wconf 79' lang='lat' dir='ltr'><em>Schoellium</em></span> <span class='ocrx_word' id='word_1_311' title='bbox 440 2076 487 2117; x_wconf 90' lang='lat' dir='ltr'><em>in</em></span> <span class='ocrx_word' id='word_1_312' title='bbox 527 2076 757 2130; x_wconf 84' lang='lat' dir='ltr'><em>Woelfflini</em></span> <span class='ocrx_word' id='word_1_313' title='bbox 786 2077 909 2120; x_wconf 78' lang='lat' dir='ltr'><em>Arch.</em></span> <span class='ocrx_word' id='word_1_314' title='bbox 942 2082 966 2120; x_wconf 91' lang='lat' dir='ltr'><em>t.</em></span> <span class='ocrx_word' id='word_1_315' title='bbox 993 2078 1070 2120; x_wconf 86' lang='lat' dir='ltr'><em>IV</em></span> <span class='ocrx_word' id='word_1_316' title='bbox 1095 2092 1140 2131; x_wconf 92' lang='lat' dir='ltr'><em>p.</em></span> <span class='ocrx_word' id='word_1_317' title='bbox 1167 2075 1282 2134; x_wconf 82' lang='grc'><strong>632).</strong></span> <span class='ocrx_word' id='word_1_318' title='bbox 1315 2103 1370 2107; x_wconf 87' lang='grc'><strong>-</strong></span> <span class='ocrx_word' id='word_1_319' title='bbox 1403 2077 1501 2120; x_wconf 85' lang='grc'><strong>353.</strong></span> 
     </span>
     <span class='ocr_line' id='line_1_36' title="bbox 161 2134 1501 2191; baseline 0.003 -16"><span class='ocrx_word' id='word_1_320' title='bbox 161 2134 295 2175; x_wconf 72' lang='lat' dir='ltr'><em>credit</em></span> <span class='ocrx_word' id='word_1_321' title='bbox 319 2148 491 2176; x_wconf 90' lang='lat' dir='ltr'><em>manum</em></span> <span class='ocrx_word' id='word_1_322' title='bbox 514 2149 589 2177; x_wconf 84' lang='lat' dir='ltr'><em>rec.</em></span> <span class='ocrx_word' id='word_1_323' title='bbox 614 2136 661 2177; x_wconf 91' lang='lat' dir='ltr'><em>in</em></span> <span class='ocrx_word' id='word_1_324' title='bbox 686 2135 730 2177; x_wconf 91' lang='lat' dir='ltr'><em>B</em></span> <span class='ocrx_word' id='word_1_325' title='bbox 752 2138 971 2179; x_wconf 75' lang='lat' dir='ltr'><em>correxisse</em></span> <span class='ocrx_word' id='word_1_326' title='bbox 995 2135 1216 2191; x_wconf 71' lang='lat' dir='ltr'><em>Seyffertus</em></span> <span class='ocrx_word' id='word_1_327' title='bbox 1241 2150 1289 2178; x_wconf 77' lang='lat' dir='ltr'><em>ea·</em></span> <span class='ocrx_word' id='word_1_328' title='bbox 1306 2137 1501 2179; x_wconf 69' lang='lat' dir='ltr'><em>Lorenzii</em></span> 
     </span>
     <span class='ocr_line' id='line_1_37' title="bbox 161 2193 1500 2248; baseline 0.002 -14"><span class='ocrx_word' id='word_1_329' title='bbox 161 2193 371 2235; x_wconf 80' lang='lat' dir='ltr'><em>collatione</em></span> <span class='ocrx_word' id='word_1_330' title='bbox 408 2194 586 2236; x_wconf 86' lang='lat' dir='ltr'><em>adnotat.</em></span> <span class='ocrx_word' id='word_1_331' title='bbox 618 2219 673 2224; x_wconf 88' lang='lat'><em>—-</em></span> <span class='ocrx_word' id='word_1_332' title='bbox 707 2194 804 2237; x_wconf 88' lang='grc'><strong>357.</strong></span> <span class='ocrx_word' id='word_1_333' title='bbox 836 2197 1051 2237; x_wconf 73' lang='lat' dir='ltr'><em>auctorem</em></span> <span class='ocrx_word' id='word_1_334' title='bbox 1089 2195 1343 2248; x_wconf 78' lang='lat' dir='ltr'><em>reposuimus</em></span> <span class='ocrx_word' id='word_1_335' title='bbox 1371 2208 1500 2237; x_wconf 89' lang='lat' dir='ltr'><em>suasu</em></span> 
     </span>
     <span class='ocr_line' id='line_1_38' title="bbox 161 2250 1499 2307; baseline 0.001 -14"><span class='ocrx_word' id='word_1_336' title='bbox 161 2250 372 2305; x_wconf 69' lang='lat' dir='ltr'><em>Seyfferti:</em></span> <span class='ocrx_word' id='word_1_337' title='bbox 405 2254 552 2294; x_wconf 76' lang='lat' dir='ltr'><em>cautor</em></span> <span class='ocrx_word' id='word_1_338' title='bbox 582 2267 616 2294; x_wconf 85' lang='lat' dir='ltr'><em>v.</em></span> <span class='ocrx_word' id='word_1_339' title='bbox 642 2255 725 2295; x_wconf 81' lang='lat'><em>359</em></span> <span class='ocrx_word' id='word_1_340' title='bbox 762 2255 820 2296; x_wconf 92' lang='lat' dir='ltr'><em>ad</em></span> <span class='ocrx_word' id='word_1_341' title='bbox 854 2256 1009 2296; x_wconf 73' lang='lat' dir='ltr'><em>caueab.</em></span> <span class='ocrx_word' id='word_1_342' title='bbox 1035 2257 1194 2307; x_wconf 78' lang='lat' dir='ltr'><em>spectat.</em></span> <span class='ocrx_word' id='word_1_343' title='bbox 1227 2278 1282 2283; x_wconf 92' lang='lat'>—</span> <span class='ocrx_word' id='word_1_344' title='bbox 1324 2254 1421 2297; x_wconf 84' lang='lat'><em>384.</em></span> <span class='ocrx_word' id='word_1_345' title='bbox 1454 2253 1499 2296; x_wconf 85' lang='lat' dir='ltr'><em>Si</em></span> 
     </span>
     <span class='ocr_line' id='line_1_39' title="bbox 159 2309 1499 2367; baseline 0.001 -15"><span class='ocrx_word' id='word_1_346' title='bbox 159 2310 219 2352; x_wconf 73' lang='grc' dir='ltr'><em>,Β1</em></span> <span class='ocrx_word' id='word_1_347' title='bbox 237 2311 382 2353; x_wconf 77' lang='lat' dir='ltr'><em>habere</em></span> <span class='ocrx_word' id='word_1_348' title='bbox 402 2309 624 2365; x_wconf 71' lang='lat' dir='ltr'><em>Seyffertus</em></span> <span class='ocrx_word' id='word_1_349' title='bbox 642 2316 784 2354; x_wconf 89' lang='lat' dir='ltr'><em>monet.</em></span> <span class='ocrx_word' id='word_1_350' title='bbox 800 2338 855 2343; x_wconf 90' lang='lat'>—</span> <span class='ocrx_word' id='word_1_351' title='bbox 869 2312 956 2354; x_wconf 87' lang='lat'><em>404</em></span> <span class='ocrx_word' id='word_1_352' title='bbox 969 2327 1029 2367; x_wconf 88' lang='lat' dir='ltr'><em>sq.</em></span> <span class='ocrx_word' id='word_1_353' title='bbox 1053 2311 1114 2366; x_wconf 82' lang='lat' dir='ltr'><em>Cf.</em></span> <span class='ocrx_word' id='word_1_354' title='bbox 1135 2312 1324 2367; x_wconf 70' lang='lat' dir='ltr'><em>Lanyius</em></span> <span class='ocrx_word' id='word_1_355' title='bbox 1342 2312 1499 2354; x_wconf 85' lang='lat' dir='ltr'><em>Annal.</em></span> 
     </span>
    </p>
   </div>
  </div>
 </body>
</html>
