1560 2548
159 88 248 130 114
743 88 922 124 PLAVTI
1127 89 1202 126 411
1225 58 1509 140 &RQQ

353 238 734 276 PERIPHANES.
795 239 986 276 MILES.
1045 239 1311 279 FIDIOINA
1382 254 1384 257 ’

454 300 613 337 SENEX

154 385 302 442 (PE.)
333 385 426 443 Age
457 386 600 440 accipe
631 385 740 427 hanc
771 386 840 428 sis.
890 385 968 428 ΜΙ.
1007 385 1123 436 Quae
1154 389 1196 429 te
1227 387 1507 444 intemperiae
1541 409 1544 412 ⁴

348 471 350 475 .
1006 446 1181 488 tenent?
1433 459 1505 491 475

158 503 271 554 Quas
302 506 350 545 tii
381 503 489 545 mihi
520 503 717 546 tenebras
748 504 914 546 trudis?
947 505 1052 559 quin
1081 507 1130 547 tu
1160 504 1380 548 fidicinam
1455 534 1457 537 <

152 562 337 605 Produci
369 563 485 604 intus
516 563 666 605 iubes?
726 562 812 605 PE.
854 563 972 605 Haec
1003 566 1147 620 ergost
1177 564 1369 607 fidicina:

154 622 239 664 Hic
271 622 355 664 alia
385 622 557 664 nullast.
618 620 697 664 MI.
739 622 841 665 Non
871 622 978 664 mihi
1007 622 1166 679 nugari
1191 626 1330 679 potes:

156 680 269 731 Quin
301 684 349 723 tu
379 681 463 722 huc
493 681 693 736 producis
724 681 944 723 fidicinam
975 680 1363 737 Acropolistidem?

152 739 240 782 PE.
283 740 401 782 Haec
433 740 662 796 inquamst.
723 740 802 782 ΜΙ.
844 741 946 783 Non
981 740 1085 783 haec
1121 741 1354 797 inquamst:
1413 757 1505 785 non

1001 814 1172 842 nomsse
1195 815 1263 843 me
1429 812 1499 844 480

151 857 293 900 Meam
324 860 416 900 rere
449 859 628 900 amicam
659 859 811 914 posse?
871 858 958 900 PE.
1001 858 1135 915 Hanc,
1165 859 1352 916 inquam,
1381 859 1504 903 filius

152 917 274 959 Meus
307 917 527 973 deperibat
559 918 791 960 fidicinam.
852 917 930 959 MI.
974 917 1090 960 Haec
1120 933 1208 961 non
1239 920 1303 961 est
1333 933 1392 961 ea.

149 975 237 1018 PE.
283 976 423 1027 Quid?
454 978 541 1019 n6n
572 978 665 1019 est?
725 976 804 1019 ΜΙ.
846 977 948 1019 Non
978 980 1052 1019 est.
1112 977 1199 1019 PE.
1241 968 1365 1020 Vnde
1395 977 1502 1020 haec

999 1036 1134 1093 igitur
1164 1037 1428 1094 gentiumst‘?

150 1094 365 1149 Equidem
395 1095 537 1137 hercle
576 1098 800 1152 argentum
837 1110 914 1150 pro
952 1095 1032 1137 hac
1070 1089 1176 1137 dedi.
1236 1094 1316 1138 ΜῙ.
1359 1095 1502 1139 Stulte

1000 1155 1147 1196 datum

147 1211 279 1268 Reor⁷
310 1215 533 1268 peccatum
565 1214 753 1270 largiter.
813 1212 900 1254 PE.
943 1211 1080 1256 Immo
1112 1213 1216 1256 haec
1247 1216 1348 1256 east.
1426 1213 1498 1258 485

147 1271 262 1314 Nam
294 1274 462 1314 seruom
494 1273 610 1329 misi,
643 1272 722 1327 qui
748 1272 870 1314 illum
902 1272 1060 1314 sectari
1085 1273 1214 1328 solet,

152 1330 296 1372 Meum
328 1333 524 1387 gnatum:
556 1332 592 1373 is
624 1332 713 1386 ipse
744 1331 854 1373 hanc
886 1331 1117 1373 destinauit
1146 1331 1377 1374 fidicinam.

145 1389 224 1431 ΜΙ.
269 1390 352 1431 Em
385 1390 482 1432 istic
513 1391 642 1433 homo
674 1393 716 1432 te
749 1390 1007 1432 articulatim
1039 1390 1242 1446 concidit,
1273 1404 1417 1446 senex,

146 1449 260 1491 Tuos
292 1451 449 1491 seruos.
510 1449 596 1491 PE.
641 1449 723 1500 Qui
755 1449 970 1491 concidit?
1024 1448 1103 1491 MI.
1149 1448 1219 1492 Sic
1250 1449 1496 1505 suspiciost:

142 1507 256 1550 Nam
287 1509 366 1563 pro
397 1509 570 1550 fidicina
601 1508 705 1550 haec
737 1510 862 1550 cerua
894 1508 1156 1563 subpositast
1186 1508 1279 1550 tibi.
1422 1520 1493 1552 490

144 1566 299 1622 Senex7
332 1567 412 1608 tibi
445 1582 491 1609 os
524 1570 587 1609 est
618 1567 826 1608 sublitum
856 1567 984 1622 plane
1016 1568 1058 1608 et
1088 1566 1233 1622 probe.

143 1625 267 1680 [PE]
300 1625 395 1682 Ego
422 1626 539 1668 illam
565 1627 780 1681 requiram
806 1627 891 1667 iam
916 1626 1121 1668 ubiubist.
1164 1625 1358 1682 bellator,
1383 1626 1491 1669 uale.

140 1684 283 1738 (PE.)
310 1685 470 1741 Eugae,
496 1688 639 1741 edgae,
659 1685 848 1741 Epidice,
874 1684 1040 1741 frugi's:
1070 1685 1273 1742 pugnasti
1291 1685 1492 1741 †homo's,

143 1743 225 1794 Qui
257 1759 324 1785 me
358 1745 588 1786 emunxisti
620 1745 837 1786 mucidum
868 1744 1057 1786 minumi
1085 1745 1209 1799 preti.

234 1851 314 1883 475.
340 1859 472 1884 novam
495 1860 663 1885 scaenam
683 1850 780 1885 solus
799 1848 836 1883 A
860 1849 1003 1884 indicat
1024 1848 1028 1895 Ι
1051 1857 1235 1890 QUAETE:
1261 1858 1358 1892 quae
1375 1849 1388 1893 ΙΙ
1405 1851 1489 1884 476.

140 1904 321 1940 rnumsp
336 1895 440 1930 cudis
467 1897 561 1941 (corr
586 1896 654 1942 ΒΞ)
697 1898 708 1942 ΙΙ
751 1899 830 1930 477.
857 1895 927 1930 ΡΕ.
959 1895 1061 1930 Haec
1099 1896 1165 1941 (sie
1197 1895 1247 1940 A)
1282 1895 1337 1930 vel
1374 1894 1444 1930 hoc
1476 1895 1490 1942 Η

138 1946 220 1978 479.
246 1952 610 1979 AGROPOLISTIDEM:
635 1942 914 1988 cropolistidem
931 1944 943 1988 n
961 1945 1042 1979 481.
1069 1952 1203 1978 MEAM:
1229 1952 1311 1976 eam
1332 1941 1337 1988 Ι
1357 1952 1489 1986 posse:

137 1999 231 2033 Essa
250 1991 262 2035 ΙΙ
281 1993 360 2025 484.
375 1989 440 2026 ΜῙ.
457 1990 578 2025 Stulte
592 1992 656 2036 (sic
670 1992 719 2036 A)
732 1991 787 2026 vel
806 1990 919 2024 stulte
938 1991 949 2035 ΙΙ
968 1993 1049 2025 485.
1065 1999 1184 2030 imon:
1204 1999 1287 2023 reor
1300 1989 1338 2023 et
1360 1989 1365 2036 Ι
1387 1990 1486 2025 cast:

136 2046 209 2072 Es'r
229 2038 241 2082 Η
259 2040 339 2072 486.
359 2047 580 2079 QUIILLUM:
600 2037 664 2082 qui
679 2049 808 2083 praem
827 2040 874 2072 12
888 2038 946 2072 litt
963 2042 1046 2082 spat
1062 2037 1117 2072 vel
1136 2037 1192 2072 lac
1203 2037 1279 2071 sine
1292 2035 1357 2079 qui
1375 2037 1387 2081 ΙΙ
1405 2039 1485 2072 487.

136 2093 263 2119 1sn>sn
271 2098 278 2118 :
294 2083 374 2129 ipse
386 2084 388 2130 Ι
399 2093 864 2120 ΒΕεΤΙΝΑΠΙΤΕΙΒΙοῙΝΑΜ
873 2083 1078 2119 :fidicinam
1081 2086 1265 2129 praem18
1272 2084 1330 2118 litt
1339 2087 1421 2128 spat
1432 2084 1490 2119 vel
1508 2123 1511 2126 ,

137 2130 330 2165 fidicinam
343 2130 434 2166 emit
442 2133 527 2177 (lae)
535 2131 726 2166 fidicinam
737 2130 1012 2177 (alt.fidicinam
1027 2130 1157 2176 dele)
1176 2131 1188 2175 Η
1206 2133 1284 2165 488.
1294 2129 1484 2177 EM:Hemj

136 2188 616 2215 ARTIOULATUMCONCIDIS
641 2181 652 2225 ΙΙ
679 2182 759 2214 489.
786 2189 870 2220 QUI:
907 2178 998 2223 quid
1025 2179 1037 2223 Η
1061 2181 1141 2212 490.
1167 2175 1320 2211 fidicina
1344 2178 1409 2222 (sic
1433 2178 1485 2223 A)

137 2226 193 2261 vel
210 2225 405 2260 fididicina
422 2226 424 2263 Ι
442 2236 706 2262 HAEcoERUA:
725 2226 817 2260 haec
837 2227 848 2271 ΙΙ
867 2229 947 2260 491.
969 2224 1148 2260 sublitum
1167 2226 1231 2269 (sic
1247 2224 1296 2270 A)
1314 2225 1370 2260 vel
1387 2224 1487 2259 sula-

133 2274 217 2306 tum
235 2274 247 2318 Η
266 2276 346 2308 492,
372 2273 535 2308 bellator
554 2275 618 2319 (sic
637 2274 686 2318 A)
704 2274 759 2309 vel
777 2273 848 2307 PE.
869 2272 1035 2307 Bellator
1053 2273 1064 2317 Η
1083 2274 1163 2306 493.
1190 2280 1485 2307 EUGAEEUGAE:

136 2330 232 2364 euge
246 2319 353 2365 fruge
368 2322 435 2366 (vel
453 2320 566 2366 frugi)
583 2324 585 2368 Ι
600 2320 699 2365 frugi
719 2331 756 2355 es
772 2321 836 2365 (sic
849 2320 897 2365 A)
910 2320 964 2355 vel
983 2318 1118 2364 frugist
1130 2318 1142 2366 Η
1154 2322 1234 2354 494.
1247 2327 1458 2355 MUCOIDUM
1472 2317 1486 2365 Η
