1560 2548
2 0 56 36 W,
156 2 160 5 k
226 0 235 4 -

21 59 25 62 ’
53 90 128 136 12,
145 92 285 128 ιιι-,οι
638 88 831 125 οΑΡΤΝΙ
1348 86 1404 130 67

54 196 210 254 Neque
237 198 442 252 linquam
473 195 702 252 quiequam
731 197 800 239 me
831 195 952 238 iuuat
983 194 1099 251 quod
1130 195 1208 237 ede
1241 194 1376 237 domi:

54 255 182 301 Foris
210 254 528 311 aliquantillum
559 255 690 298 etiam
721 254 835 311 quod
865 256 993 312 gusto
1023 253 1069 297 id
1099 253 1212 296 beat.

56 314 150 361 ΗΕ.
182 313 391 372 Ergasile,
421 313 550 356 salue.
598 313 726 356 ERG.
763 313 824 357 Di
850 316 894 356 te
925 314 1035 356 bene
1066 315 1223 369 ament,
1251 312 1406 370 Hegio.

56 373 151 418 HE.
191 373 260 418 Ne
301 373 369 416 fle.
428 372 555 416 ERG.
603 373 754 430 Egone
796 372 920 416 illum
960 374 1050 415 11611
1090 371 1245 415 fleam?
1295 386 1408 429 egon

975 446 1063 475 non
1094 431 1272 474 defleam

57 490 206 534 Talem
235 489 578 534 eduleseentem?
638 489 730 532 HE.
775 489 954 546 Semper
983 490 1098 533 sensi
1127 490 1222 534 filio
1339 500 1408 533 140

57 550 156 598 Meo
187 552 231 592 te
262 550 355 592 esse
385 548 569 592 amicum
600 552 643 591 et
673 549 798 592 illum
828 549 1026 592 intellexi
1052 549 1147 592 tibi.

57 607 246 665 (EBG.)
261 608 373 651 Tum
390 607 572 664 denique
591 608 786 651 homines
803 610 952 652 nestra
969 608 1263 665 intellegimus
1282 608 1408 663 bona,

58 667 199 719 Quom
228 682 338 724 quae
366 666 415 710 in
443 669 660 723 potestate
690 667 921 711 habuimus
952 682 1002 710 ea
1031 667 1262 710 amisimus.

59 725 226 781 [EBG]
267 726 364 784 Ego
400 728 632 782 pestquam
671 729 827 783 gnatus
863 729 963 770 tuos
1000 727 1188 782 potitust
1217 725 1410 769 hestium

58 786 280 842 Expertus
312 785 461 842 quanti
490 785 622 828 fuerit
650 800 764 828 nune
795 785 1000 828 desidero.
1341 795 1409 828 145

58 844 152 888 HE.
188 843 369 888 Alienus
401 859 531 900 quom
556 844 647 887 eius
671 844 989 888 ineemmodum
1018 846 1109 886 tam
1133 845 1260 900 aegre
1285 843 1410 899 feras,

60 903 173 955 Quid
201 905 271 947 me
301 905 470 959 patrem
499 918 580 959 par
608 904 790 946 feeerest
823 903 924 959 quoi
955 903 1071 946 illest
1101 902 1282 945 unicus?

61 961 246 1018 <ERG>
274 961 488 1005 Alienus?
520 976 600 1019 ego
632 962 795 1005 alienus
820 962 914 1004 illi?
947 961 1110 1016 [EBG]
1144 962 1237 1017 aha,
1267 960 1409 1018 Hegio

58 1021 311 1077 Numquam
339 1020 452 1064 istuc
483 1021 594 1064 dixis
623 1023 762 1077 neque
793 1021 984 1064 animum
1014 1020 1187 1063 induxis
1218 1023 1356 1064 tuom:

60 1080 162 1124 'ribi
191 1080 266 1123 ille
295 1080 479 1136 unicust,
508 1080 569 1123 mi
601 1081 730 1122 etiam
759 1081 886 1123 iim'eo
917 1080 1057 1137 magis
1087 1080 1249 1122 unicus.
1345 1090 1411 1122 150

60 1138 154 1182 ΗΕ.
195 1139 343 1182 Laud6
373 1139 534 1182 malum
566 1154 696 1194 quom
726 1139 851 1182 amici
882 1142 1004 1182 tuom
1035 1138 1154 1181 ducis
1184 1138 1356 1180 malum.

60 1198 189 1242 Nunc
212 1198 326 1241 habe
351 1198 513 1241 bonum
537 1198 737 1240 animum.
766 1198 770 1256 ι
798 1197 925 1241 Eae.
956 1185 1092 1240 riheu.
1121 1196 1126 1255 ι
1155 1197 1285 1254 [ΗΕ]
1311 1197 1411 1240 huic

982 1257 1090 1299 ilhid
1121 1257 1249 1312 dolet,

62 1315 172 1367 Quia
199 1318 314 1358 mine
343 1315 547 1359 remissus
577 1317 642 1358 est
673 1315 824 1358 edendi
855 1316 1079 1359 exereitus.

61 1374 154 1418 HE.
195 1373 431 1419 Nullamne
461 1374 624 1417 interea
653 1375 828 1431 neotu's,
860 1374 934 1431 qui
965 1375 1114 1430 posset
1143 1373 1227 1416 tibi

61 1432 307 1477 Remissum
338 1448 466 1489 quem
497 1433 606 1476 dixti
636 1433 848 1489 imperare
880 1433 1145 1476 exereitum?
1343 1444 1411 1476 155

62 1491 248 1549 (EBG.)
279 1491 390 1543 Quid
415 1492 580 1535 eredis?
610 1492 800 1549 fugitant
825 1494 972 1536 emnes
996 1492 1107 1535 hanc
1131 1491 1410 1548 prouinciam.

63 1551 193 1608 [Quoi
241 1551 460 1608 obtigerat
507 1553 736 1607 postquam
786 1554 937 1608 eaptus
980 1554 1045 1594 est
1086 1551 1413 1607 Philopolemus

982 1614 1093 1653 tuus.

61 1668 155 1711 HE.
197 1668 300 1712 Non
334 1668 411 1724 pel
443 1669 726 1711 mirandumst
761 1669 948 1726 fegitare
984 1610 1113 1713 hane]
1131 1669 1411 1725 prouinciam.

64 1726 230 1782 [EBG]
272 1726 424 1770 Multis
455 1730 498 1769 et
528 1728 887 1784 multigeneribus
919 1743 1028 1784 opus
1059 1730 1126 1772 est
1156 1728 1240 1771 tibi

61 1786 300 1829 Militibus:
330 1786 622 1842 primumdum
653 1788 763 1842 6pus
794 1790 859 1830 est
887 1787 1222 1844 Pistorensibus,
1344 1799 1412 1831 160

61 1845 226 1888 Eorum
256 1847 357 1887 sunt
387 1845 553 1900 aliquot
583 1847 741 1902 genera
770 1845 1092 1903 Pistorensium,

63 1903 186 1960 Opus
215 1904 410 1947 Peniceis
442 1907 518 1960 est,
551 1906 660 1960 6pus
690 1904 951 1948 Placentinis
984 1920 1167 1962 quoque,

63 1962 184 2019 Opus
215 1963 481 2018 TurdetaniS,
513 1964 643 2018 6pust
673 1963 1038 2020 Ficedulensibus,

62 2021 155 2065 Iam
183 2022 403 2065 meritumi
435 2037 581 2065 omnes
612 2022 773 2066 milites
804 2038 913 2079 opus
944 2026 1046 2067 sunt
1076 2023 1172 2066 tibi.

62 2137 335 2174 amaritudine
367 2138 629 2184 (macritudine
660 2138 772 2184 Non.)
799 2140 812 2185 ΙΙ
836 2142 915 2176 142.
942 2143 1021 2175 144.
1054 2140 1129 2175 add
1162 2143 1195 2174 et
1226 2139 1283 2174 del
1317 2138 1376 2186 Py
1400 2139 1413 2186 Η

65 2189 144 2222 148.
170 2186 244 2222 dist
260 2185 369 2222 Schoe
390 2187 395 2231 Ι
416 2185 498 2221 ille:
524 2197 605 2222 corr
622 2186 682 2221 Bo
702 2189 708 2230 1
728 2185 794 2221 ha:
820 2197 900 2223 corr
919 2187 1113 2223 Richterus
1131 2187 1142 2231 Η
1163 2190 1242 2221 149.
1262 2185 1412 2221 induxis

60 2233 118 2271 vel
135 2231 347 2279 induxistin
368 2235 433 2268 151
454 2233 558 2268 ducis
577 2234 631 2269 vel
649 2232 743 2268 dicis
762 2235 774 2280 ΙΙ
794 2238 872 2271 152.
899 2235 956 2271 del
974 2235 1034 2270 Bo
1051 2236 1064 2279 ΙΙ
1084 2238 1162 2269 154.
1182 2232 1308 2269 ERG.:
1332 2244 1415 2270 corr

61 2279 182 2316 Loemb
208 2282 213 2324 Ι
239 2281 389 2316 nactus:
422 2291 503 2317 corr
533 2280 650 2316 Lamb
680 2282 692 2325 ΙΙ
723 2283 801 2317 155.
834 2281 932 2317 dixit
956 2283 967 2328 ΙΙ
994 2285 1071 2317 157.
1103 2281 1181 2317 secl.
1214 2280 1377 2317 Bosscha
1403 2281 1408 2328 Ι

63 2326 187 2369 Quod:
212 2337 292 2364 corr
318 2327 371 2363 Ca
388 2329 400 2373 ΙΙ
421 2333 498 2364 159.
525 2328 581 2363 del
605 2327 722 2364 Lamb
744 2330 749 2375 Ι
771 2328 900 2364 multis
926 2328 1126 2374 generibus
1146 2330 1158 2373 ΙΙ

1149 2387 1197 2421 5*
