1560 2548
497 589 712 640 PRAE
720 588 973 640 FA'Ho.

147 789 251 833 Non
274 789 524 832 dubitamus
548 789 641 832 fore
666 789 895 845 plerosque
922 788 996 844 qui
1015 803 1113 832 cum
1132 788 1412 832 admiratione

59 851 203 905 atque·
215 848 321 892 adeo
346 863 444 891 cum
462 848 660 891 irrisione
679 848 1020 890 animadvertant
1045 863 1125 903 per
1140 848 1251 891 hanc
1268 847 1413 890 Plauti

61 907 307 965 editionem,
337 907 459 950 cuius
486 907 676 963 primum
701 907 919 962 specimen
942 907 1029 949 iam
1055 907 1303 963 emittimus,
1333 922 1413 950 nos

61 970 232 1010 secutos
271 981 365 1010 esse
401 966 613 1009 rationem
651 966 780 1022 longe
812 966 1023 1008 diversam
1065 967 1120 1008 ab
1158 981 1208 1009 ea
1248 981 1332 1022 qua
1369 969 1414 1008 et

59 1026 430 1070 FLECKEISENVS
455 1025 503 1068 in
526 1025 607 1068 hac
632 1025 898 1068 bibliotheca
922 1025 1026 1068 olim
1051 1039 1155 1068 usus
1177 1028 1243 1067 est
1267 1028 1310 1068 et
1333 1040 1414 1067 nos

59 1085 344 1129 RITSCEELII
362 1099 539 1140 operam
555 1099 696 1140 nuper
707 1084 930 1127 absolvere
948 1084 1091 1127 conati
1104 1099 1263 1127 sumus.
1291 1084 1414 1135 Quod

59 1159 150 1188 non
173 1144 269 1187 ideo
293 1145 457 1187 factum
484 1146 561 1199 est,
593 1143 694 1199 quia
717 1158 797 1186 nos
822 1143 979 1199 prioris
1003 1143 1194 1186 instituti
1218 1143 1413 1186 rationis·

62 1219 146 1260 que
164 1203 565 1247 RITSCHELIANAE
579 1202 843 1258 poenituerit
852 1228 911 1233 --
925 1202 1007 1245 etsi
1019 1217 1107 1245 non
1123 1216 1284 1258 paucos
1294 1202 1414 1245 locos

62 1263 179 1319 quod
197 1262 340 1306 minus
358 1265 474 1305 recte
493 1262 771 1304 tractavimus
791 1262 986 1317 poenitet
1005 1276 1105 1304 sane
1125 1287 1195 1317 -,
1221 1262 1296 1304 sed
1315 1261 1415 1317 quia

62 1337 160 1365 cum
185 1321 348 1377 duplex
372 1320 547 1364 omnino
572 1321 683 1363 ratio
708 1321 904 1363 adhiberi
923 1321 1186 1376 probarique
1205 1320 1344 1376 possit
1369 1320 1415 1362 in

63 1381 348 1437 scriptoribus
378 1380 569 1436 antiquis
599 1380 893 1436 restituendis,
930 1380 1109 1422 alteram
1139 1380 1204 1422 illi
1235 1380 1415 1422 alteram

61 1439 164 1483 huic
187 1439 367 1483 editioni
391 1439 532 1496 magis
554 1439 780 1482 convenire
812 1438 1059 1482 iudicamus.
1103 1438 1216 1482 Nam
1240 1438 1318 1481 ubi
1342 1453 1414 1494 ap-

62 1502 217 1566 paratu
246 1498 587 1554 locupletissimo
619 1499 874 1554 scriptorem
903 1498 1186 1541 instruximus
1213 1498 1415 1553 variaque

62 1558 279 1601 variorum
300 1557 347 1600 in
369 1557 665 1600 emendatione
687 1557 940 1613 temptanda
957 1557 1182 1600 conamina
1201 1557 1416 1612 complexi

63 1632 230 1673 sumus,
266 1631 355 1684 non
392 1617 484 1659 sine
521 1616 810 1659 emolumento
848 1616 1096 1672 putavimus
1129 1619 1416 1672 putamusque

63 1676 195 1719 etiam
219 1676 266 1718 in
284 1675 346 1718 eis
362 1675 470 1718 locis
488 1676 749 1733 refingendis
767 1676 1007 1731 periculum
1031 1675 1125 1718 fieri
1144 1689 1283 1731 posse,
1309 1689 1417 1731 quos

62 1750 153 1779 non
172 1735 259 1778 nisi
284 1734 472 1790 exempli
498 1749 625 1777 causa
648 1734 886 1777 ludibunda
910 1749 1040 1777 manu
1070 1735 1125 1777 ad
1151 1734 1418 1790 integritatis

64 1794 253 1850 speciem
283 1793 436 1836 adduci
467 1793 703 1850 contingat,
734 1793 943 1836 eiusmodi
975 1793 1106 1836 editio
1137 1809 1234 1836 cum
1259 1794 1320 1836 eis
1345 1808 1417 1849 pa-

63 1857 196 1910 retur,
221 1853 296 1909 qui
321 1852 372 1895 de
398 1852 708 1908 probabilitate
733 1852 999 1895 coniectandi
1023 1853 1110 1908 ipsi
1131 1852 1318 1895 iudicare
1343 1854 1418 1894 aut

62 1912 232 1969 possint
261 1914 338 1954 aut
361 1911 498 1954 velint
523 1926 714 1967 quosque
742 1912 812 1954 vel
835 1911 1088 1967 imperfecta
1112 1926 1245 1967 opera
1268 1911 1417 1967 iuvari,

66 1971 172 2028 quin
202 1971 333 2014 etiam
363 1971 584 2014 erroribus
613 1970 829 2013 interdum
861 1971 914 2013 ad
940 1986 1089 2014 verum
1119 1971 1417 2025 sincerumque

65 2030 258 2074 converti
292 2045 382 2073 non
418 2030 545 2086 pauci
582 2029 752 2085 experti
783 2030 880 2073 sint.
940 2029 1002 2072 At
1038 2030 1084 2073 in
1118 2030 1199 2072 hac
1230 2029 1418 2071 editione

65 2104 164 2133 cum
188 2089 393 2132 brevitati
419 2088 676 2132 studendum
699 2089 843 2144 fuerit,
874 2089 1019 2132 omnia
1042 2089 1277 2131 abiecimus
1309 2102 1418 2144 quae

64 2163 154 2192 non
184 2148 290 2192 satis
319 2151 436 2191 certa
466 2148 534 2190 vel
565 2147 707 2191 minus
738 2149 891 2191 saltem
921 2148 1171 2191 verisimilia
1202 2162 1292 2190 esse
1324 2161 1417 2190 cen

66 2222 245 2251 scamus.
295 2206 486 2258 Quorum
515 2221 717 2263 magnam
740 2208 898 2250 molem
923 2223 1015 2250 esse
1047 2207 1092 2249 in
1123 2207 1204 2249 hoc
1234 2206 1418 2248 maxime

67 2266 276 2323 scriptore
302 2269 345 2309 et
364 2269 615 2334 temporum
647 2269 690 2308 et
719 2266 997 2321 histrionum,
1028 2266 1418 2333 grammaticorum,

66 2325 372 2368 librariorum
361 2325 530 2368 miuriis
549 2325 734 2381 pessime
752 2326 905 2369 habito
925 2300 1054 2381 pei-iti
1070 2328 1113 2368 et
1126 2325 1267 2368 sciunt
1279 2339 1419 2381 neque

1155 2395 1204 2431 a*
