1560 2548
1171 58 1203 70 d

184 114 241 157 30
766 114 942 150 PLAVTI
1129 114 1164 149 11
1183 112 1344 160 2‚1—7';
1363 117 1528 162 3‚1—13

514 240 829 278 LAMPADIO.
891 240 1190 277 MELAENIS

583 302 766 338 SERVOS
979 303 1110 338 LENA

180 386 267 429 LA.
311 387 454 428 Anum
486 390 669 429 sectatus
701 390 794 429 sum
826 388 1008 430 clamore
1039 389 1115 442 per
1144 388 1255 430 uias:

181 445 477 488 Miserrumam
508 446 657 488 habui:
689 447 761 488 †ut
791 446 916 488 sslaeo
946 446 1083 502 hodie,
1116 448 1221 502 quot
1251 447 1390 490 modis

182 505 445 547 Moderatrix
477 505 705 561 <linguae>
735 505 820 547 fust
851 508 977 561 atque
1008 506 1371 549 immemorabilis.

181 563 323 614 †Quot
352 564 422 606 ilh'
449 564 696 619 blanditias,
728 564 831 619 quid
862 565 926 606 illi
957 564 1140 620 promis1‘
1166 565 1288 621 boni,

181 622 296 673 Quot
325 623 567 665 admoeniui
598 623 798 679 fabricas,
831 626 936 678 quot
966 624 1155 665 fallacias
1454 635 1523 668 540

179 681 230 723 In
262 683 519 737 quaestione.
581 682 657 724 ui'x
688 683 877 738 exculpsi
908 685 958 724 ut
989 683 1164 738 diceret,

181 740 290 791 Quia
322 741 364 783 es
391 742 568 796 promisi
602 742 763 783 d6lium
794 741 891 783 uim'
919 742 1028 784 dare.

266 901 706 938 PHANOS'I'RA'I'A.
768 901 1082 938 LAMPADIO.
1144 901 1440 938 MELABMS

390 964 576 998 MVLIER
837 964 1019 999 SERVOS
1233 963 1363 1000 LENA

177 1047 307 1090 PHA.
351 1047 513 1090 Audi're
544 1063 693 1090 uocem
724 1048 817 1090 ussa
848 1064 942 1090 sum
974 1050 1070 1090 ante
1103 1048 1216 1090 aedis
1247 1048 1374 1091 modo

178 1106 263 1149 Mei
295 1107 562 1162 Lampadisci
593 1108 716 1149 serui.
778 1106 865 1149 LA.
908 1107 1009 1151 Non
1039 1107 1209 1163 surda's,
1242 1122 1329 1149 era:

178 1165 309 1208 Recte
353 1166 566 1208 audiuisti.
627 1165 757 1208 PHA.
809 1166 921 1216 Quid
964 1167 1054 1222 agis
1103 1166 1202 1208 hic?
1262 1165 1348 1208 LA.
1399 1165 1521 1216 Quod

1026 1225 1220 1282 gaudeas.
1452 1235 1519 1267 545

178 1283 308 1325 PHA.
355 1283 465 1334 Quid
497 1285 541 1325 id
567 1285 659 1326 est?
708 1283 794 1326 LA.
839 1284 952 1326 Hine
977 1299 1028 1325 ex
1053 1284 1168 1351 hisce
1194 1283 1368 1325 aedibus
1392 1284 1519 1339 paulo

177 1400 302 1443 Videi
334 1403 559 1444 exeuntem
590 1402 811 1444 mulierem
839 1427 893 1431 ——
931 1358 1077 1443 1)ng
1078 1357 1217 1443 lfisiam
1250 1402 1357 1455 quae
1382 1415 1519 1442 meam

179 1459 361 1502 Gnatam
410 1462 670 1502 sustulerat?
739 1460 825 1502 LA.
876 1460 984 1502 Rem
1034 1463 1161 1532 tenes.
1227 1458 1357 1501 PHA.
1408 1459 1519 1510 Quid

175 1576 261 1619 LA.
306 1577 413 1619 Dico
446 1578 496 1632 ei,
529 1592 612 1632 quo
644 1580 768 1632 paeto
802 1579 894 1619 eam
925 1577 978 1619 ab
1016 1519 1299 1633 {ipsssglli‘omo
1336 1576 1518 1618 uiderim

175 1636 339 1677 En'lem
370 1639 560 1678 nostram
590 1636 729 1678 fi'liam
761 1637 993 1678 sustollere.
1448 1646 1516 1678 550

178 1694 345 1750 [PHA.]
391 1695 606 1737 Extimuit
638 1698 730 1737 tum
761 1695 845 1737 illa.
907 1695 1003 1737 ME.
1021 1694 1324 1796 egangallfflrret
1354 1709 1517 1750 corpus,

175 1811 287 1855 Nam
319 1812 428 1854 mshi
461 1813 512 1854 ab
545 1813 827 1868 hippodromo
860 1813 1033 1854 memini
1065 1813 1220 1854 adferri
1250 1812 1469 1867 paruolam

174 1871 366 1912 Puellam
399 1886 575 1926 eamque
607 1874 674 1913 me
705 1872 812 1913 mihi
844 1873 1091 1927 supponere.

173 1929 303 1972 PHA.
348 1929 442 1986 Age
473 1932 614 1987 perge,
647 1945 801 1985 quaeso
838 1929 862 1986 ξε
893 1931 1059 1972 animus
1091 1931 1235 1972 audire
1267 1929 1438 1984 expetit,

173 1989 234 2031 Vt
265 1990 384 2045 gesta
415 2004 481 2030 res
513 1990 578 2031 sit.
640 1989 735 2031 ME.
781 1980 956 2031 Vtinam
988 1989 1132 2031 audire
1163 1990 1250 2030 11611
1274 2002 1413 2042 queas.
1446 1998 1514 2030 555

264 2108 342 2140 538.
369 2105 478 2150 suppl
498 2105 563 2140 Vss
581 2106 592 2149 Η
612 2108 690 2141 539.
716 2104 871 2150 promisi
889 2106 943 2140 vel
960 2104 1135 2150 promissi
1152 2106 1164 2149 ΙΙ
1184 2107 1252 2139 540
1267 2115 1318 2147 sq.
1340 2104 1412 2139 dist
1430 2103 1489 2149 Py

173 2156 252 2187 542.
273 2151 353 2186 uini
371 2153 426 2187 vel
444 2151 483 2186 ui
501 2153 513 2197 ΙΙ
532 2155 610 2186 545.
633 2151 773 2186 audisti
791 2153 846 2187 vel
864 2151 1044 2186 audiuisti
1062 2153 1074 2197 ss
1093 2155 1170 2186 546.
1193 2150 1351 2186 excisae:
1370 2150 1494 2187 corrJ

173 2203 252 2235 549.
277 2199 498 2244 hipodromo
523 2199 577 2234 vel
601 2198 822 2246 hipodroma
840 2201 852 2244 ΙΙ
871 2202 949 2234 550.
976 2198 1093 2233 filiam
1116 2199 1300 2233 nostram:
1331 2199 1406 2233 brai
1423 2198 1482 2232 Bo

173 2249 251 2281 551.
279 2247 335 2281 del
357 2246 512 2281 Pistoris
534 2247 538 2290 Ι
559 2245 650 2280 LA.:
682 2258 762 2282 corr
787 2245 842 2281 132
869 2246 874 2292 1
901 2245 978 2280 iam
1002 2245 1127 2281 horret
1156 2246 1209 2280 vel
1233 2244 1359 2279 horret
1388 2246 1400 2289 Η
1430 2247 1509 2279 554.

172 2303 310 2336 quaeso
341 2294 395 2329 vel
420 2304 535 2337 quoso
554 2294 566 2338 ΙΙ
586 2295 664 2327 555.
697 2304 754 2327 res
780 2294 903 2338 gesta:
936 2293 1010 2328 trai
1031 2292 1116 2338 Guy
1137 2292 1141 2338 1
1163 2291 1253 2327 LA.:
1285 2302 1366 2328 corr
1391 2291 1482 2326 Pius
1499 2290 1514 2338 Η

167 2345 250 2384 post
274 2352 305 2375 υ.
334 2343 405 2375 555
425 2351 509 2385 pers
533 2341 608 2375 add
633 2340 735 2383 Pius,
761 2341 817 2375 lae
840 2341 922 2386 siqu
949 2339 1034 2386 ὕας]
1052 2340 1063 2384 ΙΙ
1084 2354 1089 2386 5
