1560 2548
1303 0 1450 41 *aa

169 87 226 129 r12
591 94 594 97 ·
755 91 931 126 PLAVTI
1271 93 1299 129 1
1320 96 1356 140 ε,
1367 67 1427 132 11ἷ
1431 99 1516 132 -145
1556 77 1560 109 '³

170 183 357 226 Pedibus
387 185 631 241 perfugium
662 187 923 243 peperit,in
953 187 1161 231 Lemnum
1192 189 1386 248 aufugit,

169 242 262 284 Vbi
285 244 290 298 Ι
317 243 551 286 habitabat.
613 248 705 286 tum
736 246 813 287 illa
845 261 972 301 quam
1004 249 1309 303 compresserat

170 301 360 344 Decum6
391 306 491 358 post
521 318 664 346 mense
697 306 844 347 exacto
876 305 947 347 hic
977 307 1143 361 peperit
1172 307 1324 351 filiam.

172 360 381 410 Quoniam
413 377 533 403 reum
567 363 656 404 eius
687 364 790 405 facti
820 365 956 407 nescit
987 365 1066 420 qui
1092 366 1191 423 siet,

169 419 401 462 Paternum
433 435 602 463 seruom
634 422 706 464 sui
731 424 961 479 participat
991 425 1162 468 censili:
1449 438 1516 471 165

160 478 257 520 :Dat
288 480 380 521 eam
410 480 597 535 puellam
629 482 667 522 ei
699 484 822 524 seruo
855 484 1145 538 exponendam
1176 485 1230 526 ad
1258 498 1416 529 necem.
1470 500 1472 502 ·

169 537 211 579 Is
244 539 335 579 eam
367 539 558 593 proiecit.
619 540 723 582 haec
754 542 940 596 puellam
972 544 1163 599 sustulit,

167 596 270 638 †Ille
303 597 412 639 clam
444 598 692 641 obseruauit
722 615 885 657 seruos,

169 655 262 706 Quo
296 659 370 698 aut
402 658 507 712 quas
538 658 583 699 in
615 659 730 701 aedis
759 659 864 702 haec
894 661 1080 716 puellam
1113 661 1285 705 deferat.

170 714 229 756 Vt
260 716 427 770 eampse
459 731 537 758 uos
569 718 747 760 audistis
779 720 1031 776 confiterier,
1448 734 1515 766 170

168 774 255 816 Dat
286 775 377 816 eam
409 776 595 830 puellam
626 778 840 820 meretrici
871 778 1117 836 Melaenidi,
1485 791 1488 794 “

169 833 316 888 anue
348 834 545 876 educauit
576 836 668 878 eam
699 837 782 878 sibi
812 852 890 892 pro
922 837 1015 879 filia

168 892 283 934 Bene
315 893 363 934 ac
393 894 556 948 pudice.
618 898 710 937 tum
742 896 831 938 illic
862 900 1003 938 autem
1035 897 1237 940 Lemnius

168 951 462 1007 propinquam
493 968 670 996 uxorem
703 955 842 1011 duxit,
873 957 1098 1012 cognatam
1128 971 1259 999 suam.

168 1010 233 1051 Ea
265 1011 375 1052 diem
408 1026 529 1053 suom
563 1013 688 1069 obiit,
721 1014 833 1056 facta
863 1015 1118 1071 morigerast
1146 1016 1253 1058 uiro.
1447 1029 1513 1060 175

167 1069 458 1124 Post<quam>
491 1071 565 1113 ille
596 1073 720 1114 uxori
752 1074 864 1115 iusta
894 1074 1013 1130 fecit,
1043 1074 1144 1116 ilico

167 1128 264 1170 Huc
296 1130 607 1186 cemmigrauit.
671 1132 793 1174 duxit
822 1147 999 1175 uxorem
1030 1133 1100 1174 hic
1131 1133 1213 1175 sibi

167 1187 358 1230 Eandem
391 1204 518 1243 quam
551 1191 653 1232 olim
686 1190 898 1247 uirginem
929 1191 999 1234 hic
1031 1194 1354 1250 compresserat,

166 1246 226 1288 Et
257 1247 349 1288 eam
381 1250 601 1304 cognoscit
632 1251 721 1291 esse
753 1265 880 1305 quam
912 1252 1228 1306 compresserat.

166 1304 247 1347 Illa
276 1306 344 1347 illi
377 1307 480 1348 dicit
511 1308 601 1349 eius
632 1323 675 1350 se
708 1324 759 1350 ex
792 1310 949 1352 iniuria
1446 1323 1512 1355 180

166 1364 386 1420 Peperisse
417 1369 590 1421 gnatam
619 1368 623 1422 Ι
652 1368 780 1423 atque
812 1383 903 1410 eam
935 1384 979 1411 se
1010 1384 1132 1411 seruo
1164 1369 1264 1412 ilico

167 1423 343 1465 Dedisse
375 1426 677 1479 exponendam.
735 1427 809 1469 ille
842 1429 1054 1483 extemplo
1086 1429 1300 1470 seruolum

167 1481 292 1524 Iubet
322 1483 447 1524 illum
480 1485 658 1526 eundem
690 1487 904 1542 persequi,
935 1488 1058 1542 siqua
1089 1490 1217 1541 queat

166 1540 370 1596 Reperire
402 1557 509 1596 quae
540 1545 771 1586 sustlilerit.
834 1546 871 1586 ei
902 1546 964 1587 rei
994 1549 1106 1587 minc
1138 1561 1258 1588 suam

167 1599 349 1654 Operam
381 1604 514 1656 iisque
546 1603 714 1645 assiduo
747 1605 892 1646 seruos
925 1605 1013 1661 dat,
1044 1605 1080 1646 si
1111 1605 1272 1660 pessiet
1444 1618 1510 1650 185

166 1658 433 1701 Meretricem
465 1661 583 1703 illam
615 1662 824 1719 inuenire,
857 1679 984 1718 quam
1017 1664 1119 1705 olim
1152 1664 1318 1720 tellere,

168 1717 304 1767 Quom
337 1719 427 1773 ipse
459 1721 715 1777 exponebat,
747 1723 798 1763 ex
830 1723 995 1764 insidiis
1026 1723 1203 1765 uiderat.

165 1776 292 1819 Nunc
325 1778 438 1831 quod
469 1780 673 1821 relicuom
705 1782 854 1836 restat,
886 1782 985 1823 uolo
1016 1782 1274 1838 perseluere,

166 1835 227 1876 Vt
258 1837 527 1892 expungatur
557 1840 730 1894 nemen,
760 1841 919 1894 nequid
951 1841 1136 1882 debeam.

165 1893 424 1936 Adulescens
455 1896 525 1938 hic
557 1900 620 1939 est
653 1897 843 1952 Sicyoni:
876 1900 913 1940 ei
944 1899 1057 1941 uiuit
1086 1902 1217 1954 pater.
1442 1911 1508 1942 190

166 1952 207 1994 Is
239 1954 381 1995 amere
412 1956 704 2008 proiecticiam
736 1958 853 1999 illam
887 1959 1066 2013 deperit,

167 2012 282 2062 Quae
313 2013 528 2066 <d1i>dum
560 2016 665 2057 flens
696 2016 796 2057 hinc
827 2017 934 2058 abiit
965 2018 1017 2058 ad
1047 2018 1225 2058 matrem
1258 2031 1394 2072 suam,

160 2070 224 2121 *Et
254 2071 332 2112 illa
362 2071 475 2113 hunc
507 2077 670 2130 contra,
704 2075 819 2129 quist
851 2091 970 2117 amor
1000 2075 1299 2117 suauissumus.

260 2179 337 2211 161.
370 2176 534 2211 lemnum
564 2179 619 2212 vel
650 2178 828 2213 lemnium
859 2182 870 2224 Ι]
903 2184 980 2214 170.
1014 2189 1162 2223 eampse
1194 2180 1247 2214 vel
1278 2190 1360 2214 eam
1390 2179 1470 2224 ipse
1493 2180 1507 2227 Η

165 2226 241 2257 171.
269 2223 455 2260 meretrici
480 2225 533 2259 vel
557 2224 733 2271 metricifl
755 2230 831 2262 177.
860 2226 968 2261 duxit
984 2227 1038 2262 vel
1063 2225 1158 2260 dixit
1177 2228 1187 2271 ΙΙ
1209 2230 1286 2262 181.
1312 2226 1504 2272 Peperisse

162 2270 217 2304 vel
239 2269 379 2314 perisse
399 2272 410 2316 Η
431 2274 508 2306 189.
536 2275 770 2316 expugnatur
793 2275 848 2309 vel
874 2274 1106 2318 expungatur
1125 2275 1136 2318 ΙΙ
1157 2276 1236 2308 192.
1258 2275 1333 2309 add
1350 2274 1382 2309 J
1393 2275 1405 2319 ΙΙ
1425 2276 1502 2309 193.

162 2316 260 2351 1111110
285 2319 339 2352 vel
362 2317 433 2351 huc
454 2319 465 2362 Η
