1560 2548
169 94 255 130 VIII
681 97 952 133 PRAEFATIO

167 204 320 244 quoque
355 192 472 234 habet
508 196 600 234 teste
636 191 922 235 Studemundo.
968 217 1023 222 —
1065 191 1163 235 592.
1206 198 1317 236 Pms'
1347 198 1499 237 certum

134 274 137 277 -
168 247 302 305 (PLUS
333 248 426 307 As).
472 275 527 280 -—
571 250 668 293 593.
711 251 836 305 fidem
872 251 933 293 vel
968 251 1112 294 saltem
1146 250 1226 305 fide
1261 252 1407 295 habwit
1437 252 1498 295 ,Β1

166 309 385 350 secundum
416 307 750 351 Studemundum.
784 334 839 339 —-
871 309 968 351 599.
1000 309 1086 352 Pro
1116 309 1203 351 Vbi
1233 310 1419 365 primum
1448 311 1497 353 li-

167 366 340 408 citumst
370 366 449 421 (sic
478 380 568 408 cum
604 366 757 421 Guqeto
780 368 985 423 plerique)
1007 369 1144 422 possis
1180 370 1304 411 etiasm
1331 368 1419 411 Vbi
1448 369 1498 412 11'-

167 425 299 466 citum
329 425 557 479 primumst
587 426 655 480 (cf.
691 425 786 468 Uist.
812 427 926 481 137),
957 428 1028 469 sed
1054 428 1125 469 vix
1154 426 1246 469 Vbs
1271 427 1499 482 primumst

143 483 362 536 ‘licitum‘
388 509 443 513 —
487 484 583 526 614.
629 485 733 539 quin
769 483 866 541 (pro
903 485 976 540 qui
1006 483 1210 542 vulqatae)
1246 487 1499 530 restit-olims

165 555 332 584 suasore
357 541 552 596 Seyfferto
585 540 674 599 (qui
704 544 827 585 etiam
851 545 899 586 de
924 544 1053 598 quin.
1075 577 1084 585 .
1105 578 1113 585 .
1131 545 1365 601 pernegat?
1395 546 1499 599 60ρὸ-

169 602 251 642 tari
278 614 400 654 posse
435 600 614 658 addidit)
651 603 822 655 itemque
857 617 891 644 v.
919 601 1004 645 635
1042 602 1199 644 diuorti
1222 617 1302 656 pro
1333 603 1498 646 deuorti

166 658 282 712 vulq„
320 660 420 712 quia
451 659 525 701 abs
557 662 599 701 te
630 674 721 702 cum
749 661 837 712 hoc,
868 674 951 703 non
981 675 1071 702 cum
1100 661 1172 703 illo
1201 665 1303 704 recte
1332 663 1499 704 conimi-

164 718 287 771 qitur.
314 742 370 747 —
397 719 492 760 763.
525 717 595 760 Sic
624 720 899 771 distinximus,
928 733 1012 761 non
1041 720 1141 773 quia
1171 721 1283 762 orrmi
1311 734 1361 763 ex
1377 724 1499 774 parte

166 777 402 830 satisfaciat
428 778 643 828 distinctio,
674 778 746 819 sed
772 778 872 830 quia
901 778 977 820 hac
1005 791 1092 819 una
1114 779 1273 820 ratione
1295 782 1396 821 recte
1418 792 1499 821 ser-

166 836 260 876 vari
283 835 470 877 videntur
494 837 648 878 tradita
671 836 801 887 verba,
833 850 924 878 cum
947 850 1072 890 neque
1101 836 1213 878 facit.
1245 837 1348 891 quid
1376 837 1498 880 uolt?

169 893 272 948 quid
301 908 368 935 me
401 894 605 936 accersit?
635 909 760 948 neque
790 895 904 950 facit,
936 895 1038 949 quid
1067 895 1184 949 uelit,
1215 895 1318 950 quid
1340 910 1409 938 me
1434 910 1498 938 ac-

168 954 314 993 cersat.
345 954 589 995 mutationes
610 953 813 1006 placeant.
858 978 913 982 —
959 954 1054 996 771.
1096 953 1216 1010 uigil.
1235 951 1337 1010 (non
1365 952 1498 1011 uigis)

166 1009 232 1052 Bl
263 1014 354 1053 teste
385 1010 670 1053 Studemundo.
715 1037 771 1041 —
816 1013 899 1054 773
913 1026 974 1066 sq.
1017 1000 1129 1053 Ante
1173 1012 1286 1054 aedjs
1329 1015 1372 1054 et
1407 1013 1498 1055 eius

168 1069 334 1110 tristem
370 1069 512 1110 uirum
550 1070 690 1112 uideo:
734 1070 779 1111 id
809 1073 872 1111 est
903 1070 1016 1124 quod
1046 1070 1290 1125 slispicabar
1319 1072 1502 1114 admittit

169 1127 399 1182 Seyffertus.
422 1153 477 1157 ——
504 1128 600 1170 804.
626 1128 692 1171 De
717 1131 963 1170 ornamenta
994 1143 1018 1170 a
1042 1143 1109 1170 me
1135 1129 1188 1170 ad
1211 1129 1359 1183 coyitat
1379 1130 1496 1172 idem.

168 1211 223 1215 —
262 1187 357 1229 836.
401 1186 515 1227 Eubi
553 1185 654 1243 (non
684 1186 818 1242 Euhi)
854 1188 977 1228 etiam
1006 1187 1052 1228 D
1089 1191 1181 1229 teste
1211 1186 1496 1231 Studemundo.

169 1270 223 1274 —
269 1245 365 1287 849.
413 1244 473 1298 Cf.
507 1244 728 1299 Seyffertus
761 1245 890 1287 ‘Berl
919 1245 1062 1299 philol.
1102 1245 1274 1289 Wsclir?
1312 1261 1365 1288 as
1387 1250 1498 1289 1890

159 1318 202 1356 p.
228 1306 325 1355 214,
355 1307 456 1345 recte
486 1302 728 1346 Schoellium
756 1305 952 1357 refutans.
980 1329 1035 1333 —
1068 1303 1164 1345 854.
1194 1306 1315 1359 patre
1329 1329 1384 1335 —
1415 1306 1497 1347 dis-

166 1363 318 1415 tinquit
340 1361 562 1416 Seyffertus
587 1360 652 1419 (ut
674 1378 708 1404 υ.
730 1361 856 1419 858);
888 1363 993 1414 bene,
1023 1364 1098 1404 etsi
1126 1363 1198 1404 hoc
1227 1363 1308 1405 loco
1329 1367 1498 1416 propter

166 1420 358 1462 lacunam
402 1424 586 1474 apertam
628 1422 675 1462 in
716 1436 750 1463 v.
795 1421 1040 1462 antecedenti
1081 1421 1207 1462 dubia
1241 1434 1306 1463 res
1340 1425 1407 1463 est.
1440 1445 1496 1451 ——

167 1480 263 1521 876.
308 1479 405 1520 Non
447 1492 530 1521 esse
568 1480 676 1532 quod
713 1492 861 1521 scaena
899 1480 970 1520 hoc
1005 1479 1086 1520 loco
1123 1479 1278 1521 tradita
1306 1479 1496 1532 deleatur,

164 1538 239 1579 etsi
267 1538 401 1590 maqis
431 1538 555 1579 etiam
578 1551 684 1579 nova
708 1541 803 1590 post
825 1552 860 1578 v.
882 1537 964 1580 881
991 1538 1178 1590 exiqatur
1200 1538 1360 1579 monuit
1382 1536 1498 1592 Seyf-

161 1596 302 1648 fertus.
353 1620 408 1624 —
459 1597 543 1637 912
558 1610 619 1650 sq.
670 1594 749 1637 SE.
794 1594 890 1652 (pro
933 1594 1090 1651 MED.)
1133 1595 1300 1650 Ecquid
1336 1597 1496 1638 sentis?

164 1653 301 1695 MED.
334 1651 431 1710 (pro
461 1652 577 1710 ME.)
617 1653 772 1704 Quidni
810 1654 1017 1695 sentiam?
1055 1653 1230 1710 [MED]
1267 1653 1367 1697 Non
1402 1657 1496 1710 pot-

165 1714 229 1754 est
263 1713 449 1766 praefert
482 1712 682 1755 Goeteius.
727 1737 781 1742 —-
826 1714 922 1754 922.
967 1712 1054 1754 Pro
1084 1711 1183 1754 Alia
1219 1711 1345 1769 (quod
1377 1713 1495 1768 vulqo

164 1771 364 1813 traiciunt
391 1775 484 1813 ante
501 1785 722 1824 personam
747 1775 785 1813 et
806 1785 897 1813 cum
920 1771 1203 1825 percontabor
1226 1772 1476 1825 coniunywnt

164 1831 211 1872 dc
241 1829 366 1870 Heiia
396 1830 546 1883 coqitat
573 1828 802 1872 Schoellius.
830 1854 886 1859 —-
918 1831 1014 1871 937.
1045 1829 1174 1871 tustic
1205 1827 1306 1886 (non
1328 1829 1473 1871 tuistic

163 1888 208 1930 D
244 1891 336 1930 teste
371 1886 658 1930 Studemundo.
703 1913 758 1917 —
802 1888 897 1930 947.
942 1887 1044 1942 quid
1078 1888 1208 1930 facias
1245 1888 1494 1942 optimumst

163 1960 254 1988 cum
277 1944 339 1988 Β2
362 1950 399 1988 et
422 1946 650 1988 Muellerus
672 1947 865 2000 probavit
892 1946 1046 1988 Annal.
1071 1946 1213 2000 philol.
1245 1949 1269 1988 t.
1288 1945 1501 1988 LXXXI

157 2019 201 2058 p.
227 2008 315 2047 267
345 2008 384 2047 et
411 2003 655 2058 Seyffertus:
698 2006 805 2058 quod
841 2006 888 2046 in
923 2006 1033 2046 exitu
1067 2018 1167 2047 same
1195 2017 1334 2046 versus
1364 2004 1494 2047 locum

162 2063 307 2105 habeat
344 2061 557 2120 (ceteroqui
593 2064 649 2104 sit
685 2061 1009 2120 exspectaveris),
1051 2077 1142 2105 cum
1177 2063 1369 2104 inaudita
1411 2077 1493 2106 esse

161 2123 347 2164 videatur
383 2121 525 2163 locutio
563 2122 665 2175 quid
700 2122 829 2163 facias
866 2124 1098 2176 optumum.
1142 2145 1198 2152 —-—
1255 2120 1352 2163 965.
1393 2135 1518 2163 usce‘

158 2181 339 2233 formam
370 2180 453 2222 coll.
486 2180 616 2222 ‘acce'
648 2181 828 2233 defendit
857 2179 1077 2234 Seyffertus
1113 2178 1203 2233 (ubi
1232 2183 1367 2222 tasmen
1388 2194 1492 2234 pafr-

162 2239 328 2280 tieulam
382 2239 543 2292 aeqrius
593 2240 699 2291 ferri
752 2239 1012 2280 immutatam
1056 2238 1274 2292 putamus)
1323 2239 1493 2292 itemque

160 2312 195 2339 v.
222 2298 307 2339 980
345 2311 516 2339 exsecor
551 2296 685 2339 noluit
718 2297 926 2338 obscurari
962 2296 1052 2350 (ubi
1085 2300 1220 2338 tamen
1249 2297 1370 2339 verba
1399 2297 1492 2350 ipsa
