1560 2548
553 94 618 131 DE
636 90 832 130 PLAVTO
1239 82 1378 120 XXVII

58 253 62 259 ,
90 210 154 256 Vt
183 211 333 253 eontra
362 206 400 251 si
431 204 529 261 quis
559 202 717 246 sentiat
745 199 811 244 nil
840 198 1010 242 sentiat.

22 288 23 291 ’
60 299 69 312 ι
91 267 276 318 Caecilio
306 265 494 323 palmam
525 262 664 306 Statio
696 261 749 303 do
780 258 964 301 mimico.

60 357 62 361 .
90 328 272 373 Plautus
302 323 513 369 secundus
540 321 665 365 facile
697 319 928 373 exsuperat
959 317 1134 358 ceteros.

46 421 52 434 .·
91 387 205 434 Dein
221 384 414 430 Naeuius
438 382 513 438 qui
531 381 700 424 †seruet
720 378 877 435 [feruet
891 375 934 431 ἓ]
960 373 1100 430 pretio
1127 372 1172 414 in
1196 369 1382 413 tertiost.

93 446 142 491 Si
171 445 254 489 erit
285 443 401 500 quod
431 443 584 498 quarto
617 439 758 492 detur,
789 435 964 478 dabitur
992 432 1170 475 Licinio.

52 523 54 527 ’
93 506 208 550 Posv
229 502 399 559 insequi
429 500 642 544 Licinium
671 497 782 539 facio
813 494 1009 537 Atilium.

93 564 147 609 In
176 566 298 607 sexto
330 562 614 615 consequetur
643 558 723 599 hos
753 553 990 598 Terentius.

47 647 49 661 2
94 622 316 680 Turpilius
346 619 597 676 septimum,
627 616 794 659 Trabea
825 615 1026 656 octauum
1057 608 1239 665 optinet,

20 686 50 734 ’[’ἰ
95 683 223 728 Nono
253 681 349 725 loco
379 694 472 722 esse
501 677 626 720 facile
657 675 767 717 facio
798 672 1011 715 Luscium.

12 756 16 766 ⁵
95 742 322 787 Decimum
350 738 459 782 addo
490 751 618 780 causa
648 731 920 788 antiquitatis
949 728 1149 772 Ennium.

11 820 13 822 ·
68 836 105 849 ,.
154 801 417 845 SVETONIVS
464 798 514 839 in
554 796 640 838 vita
689 792 869 836 Terentii
903 805 947 844 p.
985 791 1041 831 53
1052 802 1109 841 sq.
1147 785 1198 828 R.
1211 799 1224 826 .·
1273 784 1389 825 hunc

14 902 15 907 ,
49 868 59 901 “.
93 882 103 900 ι
128 881 134 899 =
157 860 244 903 Nus
274 857 447 914 quidem
477 854 678 898 omnibus
709 850 882 895 comicis
912 847 1101 904 praefert
1123 880 1130 888 .
1152 879 1159 887 .
1182 879 1190 886 .
1212 879 1219 886 .
1238 843 1389 885 Volca-

55 921 133 965 ‘us
193 922 312 963 utem
346 931 436 960 non
471 914 611 958 solum
645 911 813 955 Naeuio
852 911 895 951 et
925 907 1080 950 Plauto
1118 907 1162 947 et
1194 901 1391 955 Caecilio,

43 987 105 1019 ιἰι
133 979 198 1039 Li,
219 978 260 1021 ὀ
285 990 455 1032 quoque
474 977 518 1017 et
535 972 672 1016 Atilio
698 968 936 1026 postponit.
978 967 1097 1009 Adde
1117 963 1391 1011 CICERONEM

46 1055 58 1075 ·-·
83 1060 85 1062 ·
120 1040 198 1094 opt.
226 1051 316 1092 yen.
347 1050 405 1079 or.
437 1034 471 1077 I
492 1036 534 1077 2.

42 1112 44 1114 ’
155 1095 260 1140 LVI
291 1094 459 1139 VARRO
496 1092 610 1146 apud
641 1089 826 1132 Nonium
854 1101 899 1141 p.
930 1088 1035 1136 374,
1066 1085 1092 1125 5
1123 1081 1211 1124 M..-
1254 1079 1392 1122 Varro

21 1157 326 1213 ss'ammone:
355 1153 402 1196 in
432 1151 591 1207 quibus
621 1146 849 1204 partibus?
881 1145 927 1186 in
958 1140 1223 1200 argumentis
1255 1138 1394 1181 Caeci-

36 1217 129 1266 'iis
153 1214 293 1272 poscit
311 1211 513 1268 palmam,
537 1210 582 1251 in
607 1207 774 1250 ethesin
792 1203 1030 1258 Terentius,
1055 1202 1100 1243 in
1125 1198 1395 1242 sermonibus

54 1440 61 1444 ,
165 1390 285 1436 LVII
314 1389 559 1433 HORATIVS
591 1387 704 1440 epist.
736 1383 797 1426 II
820 1386 857 1434 1,
890 1383 943 1423 55
955 1394 1064 1434 sqq..-

40 1482 66 1500 „v
91 1451 363 1518 ,Ambigitur
393 1446 592 1504 quotiens
624 1447 720 1487 uter
748 1445 847 1484 utro
879 1440 936 1483 sit
967 1439 1098 1495 prior,
1129 1437 1269 1479 aufert

42 1514 46 1550 ’ῑ
108 1512 322 1556 Pacuulus
353 1506 468 1550 docti
497 1506 657 1548 famam
688 1502 819 1557 senis,
848 1499 1006 1542 Accius
1037 1497 1131 1552 alti,

16 1599 24 1613 1-
41 1594 64 1602 =
109 1571 279 1617 Dicitur
308 1566 462 1611 Afrani
490 1568 595 1622 toga
625 1561 874 1606 conuenisse
904 1557 1156 1611 Menandro,

59 1666 62 1667 ν
109 1630 290 1674 Plautus
320 1627 375 1669 ad
405 1623 625 1679 exemplar
655 1620 786 1664 Siculi
818 1631 1050 1674 properare
1081 1612 1353 1670 Epicharmi,

10 1729 12 1732 ,
61 1718 66 1725 ·
88 1727 90 1733 ,
110 1689 294 1733 Vincere
326 1684 534 1729 Caecilius
565 1681 797 1739 grauitate,
827 1676 1054 1721 Terentius
1085 1677 1187 1716 arte.

61 1793 67 1799 ,
113 1748 206 1792 Hos
237 1745 387 1790 ediscit
418 1747 462 1786 et
490 1743 572 1785 hos
602 1743 696 1783 arto
729 1739 888 1793 stipata
918 1736 1088 1778 theatro

114 1807 292 1864 Spectat
314 1805 453 1848 Roma
477 1804 650 1858 potens:
679 1799 813 1841 habet
838 1797 917 1838 hos
944 1795 1226 1847 numeratque
1253 1792 1404 1846 poetas

10 1895 12 1897 -
46 1899 55 1922 3
115 1866 186 1912 Ad
213 1867 410 1908 nostrum
439 1865 613 1916 tempus
642 1858 741 1901 Liui
772 1855 995 1911 scriptoris
1026 1853 1081 1894 ab
1113 1865 1231 1893 aeuo.

60 1982 62 1986 Ἀ
175 1923 315 1968 LVIII
350 1922 517 1965 VARRO
556 1921 603 1962 de
631 1918 763 1972 poetis
800 1916 902 1957 libro
934 1914 967 1956 I
991 1913 1105 1967 apud
1134 1910 1407 1953 Priscianum

58 2036 66 2043 Ἀ
80 1990 120 2025 n:
162 1987 288 2087 32VHp.
316 1985 413 2033 469,
445 1984 472 2023 9
503 1979 582 2022 Η..·
615 1976 764 2019 deinde
796 1974 849 2016 ad
880 1973 1044 2016 Siculos
1076 1985 1120 2013 se
1152 1967 1406 2024 adplicauit:

8 2056 12 2058 “
101 2078 112 2089 .
142 2044 178 2088 L
289 2057 325 2085 v.
353 2043 419 2084 58.

54 2132 77 2148 2
178 2101 276 2147 LIX
305 2100 478 2144 CICERO
510 2099 558 2141 de
585 2096 734 2151 officiis
760 2094 793 2136 I
809 2096 879 2144 29,
905 2094 1010 2134 104:
1042 2088 1202 2144 duplex
1234 2085 1408 2128 omnino

52 2165 131 2214 jzzt
152 2160 319 2206 iocandi
344 2173 496 2216 genus:
527 2170 660 2198 unum
684 2151 895 2195 illiberale
921 2149 1120 2205 petulans
1145 2146 1409 2202 flagitiosum

56 2221 315 2275 bscenum,
354 2218 537 2260 alterum
579 2215 753 2268 elegans
788 2211 1002 2253 urbanum
1042 2206 1311 2263 ingeniosum
1351 2203 1410 2245 fa-

57 2282 224 2332 „tumz
261 2293 345 2334 quo
378 2290 532 2334 genere
562 2288 651 2316 non
681 2271 807 2314 modo
837 2269 1017 2312 Plautus
1046 2269 1194 2308 noster
1224 2267 1266 2306 et
1298 2262 1411 2305 Atti-

256 2337 433 2392 antiqua
475 2331 710 2386 comoedia,
759 2329 833 2372 sed
876 2328 1006 2370 etiam
1052 2323 1413 2381 philosophorum
