1560 2548
588 69 652 106 DE
677 68 868 105 PLAVTO
1306 66 1409 103 XXV

180 176 341 221 XLVII
362 178 434 221 Ex
444 177 591 220 Lumo
606 177 889 220 GnossAnvu
902 176 1052 234 (CGL.
1063 177 1104 220 V
1107 191 1152 231 p.
1163 180 1255 228 181,
1270 179 1298 218 7
1315 174 1409 233 G).-

34 263 35 267 =
65 239 172 294 aput
194 236 411 280 Romanos
442 251 611 292 quoque
635 236 815 279 Plautus
842 236 1031 279 comedie
1063 251 1184 279 coros
1210 235 1410 290 exemplo

65 296 299 340 Grecorum
328 295 510 338 inseruit
541 296 609 352 [cf.
638 295 746 339 Rud.
771 299 860 339 290
871 309 954 350 sqq.
986 300 1024 338 et
1051 295 1300 338 DIOMEDES
1332 298 1409 336 wrt.

61 371 123 412 yr.
155 355 303 410 1111».
335 359 429 408 491,
457 359 516 399 29
535 355 624 411 Κ]

276 599 353 635 ΒΕ
385 597 953 635 oomNTATORIBVS
984 597 1200 635 PLAV‘I'I

182 684 363 729 XLVIII
392 685 689 729 Amcnomw
712 686 864 729 PARIS.
890 687 938 729 de
961 687 1069 729 notis
1090 701 1135 740 p.
1155 689 1239 728 137
1263 685 1414 739 Reiffl:

65 748 194 789 notae
367 759 475 801 quae
513 745 709 788 uersibus
746 745 908 801 apponi
949 747 1236 788 consuerunt.
1258 779 1266 786 .
1288 779 1295 786 .
1317 743 1416 786 .his

10 833 27 857 g
67 804 170 848 solis
198 804 246 847 in
275 819 300 846 a
329 804 628 847 notationibus
650 804 780 847 Ennii
805 804 1016 860 Luc<il>ii
1049 805 1162 861 [add.
1186 803 1413 859 Berykius]

22 906 36 915 ⁷.
67 867 112 906 et
150 863 494 920 hist[o]ricorum
532 863 624 920 [del.
665 864 909 907 Schoellius:
954 867 997 906 et
1035 863 1324 906 scaenicorum
1362 863 1414 905 L.

31 952 45 969 ,-
66 923 318 967 Muellerus:
349 925 398 977 cf.
423 924 543 978 infra
572 923 688 979 diple
714 922 976 966 obelismene
1002 923 1055 965 ad
1080 922 1338 978 separandas
1368 921 1414 963 in

23 1052 25 1054 ,
67 1006 298 1049 comoediis
339 1008 383 1048 et
431 1005 664 1062 tragoediis
713 1006 931 1062 periodos]
982 1006 1047 1048 usi
1098 1009 1198 1048 sunt
1239 984 1415 1048 mai-riis

20 1084 27 1090 ⁸
66 1064 234 1132 Ennius
256 1064 407 1108 Aelius
438 1080 572 1120 aeque
604 1068 647 1107 et
679 1068 896 1120 postremo
926 1065 1105 1119 Probus,
1138 1065 1211 1120 qui
1242 1065 1338 1107 illas
1370 1065 1415 1107 in

2 1124 4 1126 ’
66 1124 252 1181 Virgilio
290 1127 334 1167 et
370 1124 553 1166 Horatio
591 1127 634 1166 et
664 1124 863 1166 Lucretio
901 1124 1105 1179 apposuit
1143 1127 1191 1166 ut
1225 1123 1417 1167 Homero

67 1183 353 1227 Aristarchus.

185 1242 322 1285 XLIX
350 1242 557 1285 RVFINVS
582 1243 631 1285 de
654 1247 765 1285 metr.
789 1243 877 1284 Ter.
895 1257 940 1296 p.
961 1245 1043 1285 560
1055 1243 1205 1296 sq.K..·
1238 1241 1417 1284 Sisenna

68 1302 115 1344 in
157 1301 461 1344 commentario
505 1301 685 1344 Poenuli
727 1301 952 1343 Plautinae
1002 1302 1173 1343 fabulae
1207 1336 1214 1343 .
1248 1336 1255 1343 .
1290 1337 1296 1343 .
1331 1336 1338 1343 .
1370 1302 1413 1343 in

19 1367 22 1370 ’
67 1361 280 1403 Pseudolo
302 1395 310 1403 .
331 1394 339 1403 .
360 1395 368 1403 .
401 1360 583 1403 Scaurus
615 1361 661 1402 in
685 1361 832 1403 eadem
863 1361 1011 1403 fabula
1033 1395 1039 1402 .
1062 1395 1069 1402 .
1091 1395 1098 1402 .
1122 1396 1128 1403 .
1161 1360 1339 1403 Sisenna
1371 1361 1416 1403 in

15 1431 18 1438 ²
67 1419 264 1463 Rudente
291 1454 298 1461 .
320 1454 328 1462 .
349 1453 357 1462 .
379 1453 387 1462 .
413 1420 458 1462 in
488 1419 792 1475 Amphitrione
819 1453 827 1462 .
850 1454 857 1462 .
879 1454 887 1462 .
908 1454 916 1462 .
943 1420 988 1462 in
1026 1419 1221 1475 Captiuis
1246 1455 1254 1462 .
1276 1454 1283 1462 .
1306 1454 1314 1462 .
1336 1455 1344 1462 .
1371 1421 1415 1462 in

67 1478 293 1522 Aulularia
313 1514 321 1521 .
343 1513 351 1521 .
372 1513 380 1521 .
402 1513 410 1521 .

186 1538 221 1580 L
259 1537 504 1580 CHAmsIvs
542 1542 620 1580 wrt.
648 1553 710 1593 qr.
733 1553 778 1593 p.
811 1542 904 1590 198,
929 1542 998 1582 26.
1030 1542 1127 1590 203,
1151 1542 1222 1581 27.
1253 1542 1351 1590 221,
1378 1542 1417 1581 6.

69 1602 98 1640 9
116 1597 196 1640 Κ..·
226 1597 405 1640 Plautus
435 1597 480 1639 in
508 1596 824 1653 Amphitryone
845 1632 853 1639 .
875 1633 883 1639 .
905 1632 912 1639 .
934 1632 942 1640 .
962 1597 1039 1639 ubi
1071 1597 1250 1640 Sisenna
1271 1632 1278 1639 .
1300 1632 1308 1639 .
1330 1632 1337 1640 .
1360 1633 1367 1639 .

8 1658 15 1692 ἰ
187 1655 244 1699 LI
275 1656 586 1699 HOERONYMVS
624 1658 714 1700 αᾱκυ.
746 1657 949 1711 Rufinum
980 1657 1013 1699 I
1036 1661 1090 1699 16
1121 1661 1145 1699 t.
1179 1657 1240 1699 II
1260 1672 1300 1710 p.
1332 1660 1419 1699 457

7 1727 15 1775 ,ζ
78 1716 205 1759 Van:
242 1718 348 1771 puto
386 1716 501 1771 quod
530 1731 639 1771 puer
674 1716 830 1773 legeris
861 1716 992 1771 Aspri
1024 1716 1070 1757 in
1099 1716 1342 1773 Vergilium
1373 1719 1418 1758 et

8 1776 10 1778 ’
71 1774 321 1818 Sallustium
346 1775 673 1817 commentarios
694 1810 701 1817 .
723 1810 730 1817 .
753 1810 759 1817 .
782 1810 789 1816 .
811 1778 854 1817 et
879 1775 1060 1818 aliorum
1086 1775 1131 1817 in
1150 1776 1268 1831 alios,
1293 1775 1417 1817 Plau-

10 1835 17 1858 *
71 1836 164 1876 tum
212 1834 430 1889 uidelicet,
478 1834 740 1889 Lucretium,
783 1834 1000 1890 Flaccum,
1044 1834 1239 1876 Persium
1288 1837 1419 1890 atque

11 1918 17 1934 .·
68 1893 299 1936 Lucanum.

9 1991 25 2011 ἲ.
187 1951 264 1994 LII
300 1951 508 1994 RVFINVS
546 1954 594 1995 de
624 1957 735 1995 metr.
771 1954 861 1995 Ter.
885 1967 930 2007 p.
955 1954 1037 1995 565
1056 1953 1134 1994 K:
1175 1967 1418 1994 mensuram

71 2026 162 2054 esse
186 2011 233 2054 in
262 2010 422 2070 fabulis
454 2011 554 2067 [hoc
585 2015 650 2054 est
680 2014 848 2054 metron
879 2012 952 2054 del.
985 2011 1195 2067 Osannus]
1228 2011 1418 2053 Terentii

12 2073 18 2091 ³
71 2073 114 2112 et
131 2070 274 2113 Plauti
300 2072 343 2112 et
368 2073 606 2112 ceterorum
632 2071 890 2113 comicorum
916 2073 958 2113 et
983 2071 1246 2127 tragicorum
1272 2070 1419 2112 dicunt

70 2129 134 2171 hi:
166 2128 324 2186 Cicero,
355 2128 548 2184 Scaurus,
579 2129 833 2186 Firmianus,
857 2130 1006 2174 Varro.
1032 2129 1292 2184 Victorinus,
1319 2128 1416 2171 Cae-

0 2189 10 2238 ‚⁹
71 2188 158 2231 sius
187 2189 363 2244 Bassus,
394 2188 692 2244 Terentianus,
725 2188 932 2231 Caecilius
959 2189 1146 2242 Vindex,
1179 2187 1324 2244 Cinna,
1356 2188 1417 2230 Si-

71 2261 212 2303 senna,
240 2247 481 2303 Diomedes,
506 2247 703 2302 Albinus,
735 2247 1035 2303 Quintilianus,
1068 2247 1287 2302 Sosipater
1313 2247 1417 2290 Cha-

70 2306 213 2363 risius,
243 2306 468 2362 Helenius,
499 2306 652 2363 Asper,
682 2307 744 2349 Fl.
778 2307 932 2362 Caper,
962 2306 1206 2362 Arruntius,
1236 2306 1417 2362 Probus,
