1560 2548
593 100 826 137 ASINARIA
1300 101 1386 144 105

377 273 677 312 DIABOLVS.
735 275 1056 314 PARASITVS

367 335 686 373 ADVLESCENS

159 406 233 450 DI.
287 407 474 464 Sequere
504 409 602 452 hac:
635 425 770 468 egone
794 411 899 453 haee
923 410 1065 467 patiar
1094 413 1169 453 aut
1192 410 1386 452 taceam?

965 470 1097 512 emori
1316 480 1385 512 810

160 525 232 569 Me
261 526 426 582 malim,
457 541 598 583 quam·
615 528 719 571 haec
749 543 837 571 non
866 528 958 571 eius
987 529 1112 572 uxori
1142 528 1337 571 indicem.

159 583 248 628 Ajn
277 585 355 628 tu?
385 585 501 642 apud
531 587 711 629 amicam
740 592 895 630 munus
925 587 1232 631 adulescentuli

161 643 377 702 Fungare,
407 645 532 688 uxori
563 651 739 689 excuses
769 649 813 689 te
845 649 890 689 et
920 647 1034 689 dicas
1065 647 1238 690 senem?

159 702 403 760 Praen'pias
433 707 624 748 scortum
648 706 808 748 amanti
833 709 961 762 atque
979 709 1206 763 argentum
1224 705 1387 748 obicias

161 762 333 806 Lenze?
363 763 582 819 suppeiles
613 764 724 807 olam
755 765 870 807 domi
900 767 1079 808 uxorem
1108 765 1254 807 tuam?
1315 775 1384 808 815

161 820 429 878 Suspendam
446 823 594 879 potius
611 825 691 880 me,
717 839 845 879 quam
862 824 994 866 tacita
1011 825 1116 867 haec
1140 827 1190 867 tu
1207 824 1386 866 adferas.

161 879 426 937 Iamquidem
467 882 610 925 hercle
650 883 704 924 ad
740 883 859 926 issam
894 883 995 926 hino
1030 883 1124 939 sbo,
1167 898 1295 939 quam
1337 886 1387 925 tu

965 944 1102 998 prope
1133 943 1261 998 diem,

160 998 260 1043 Nisi
284 998 457 1055 quidem
481 1000 556 1042 illa
580 1004 680 1043 ante
706 1001 1003 1057 occupassi<t>
1021 1005 1078 1058 te,
1102 1002 1269 1059 effliges
1286 1001 1387 1057 seio,

162 1058 377 1102 Luxxiriae
408 1062 607 1115 sumptus
638 1061 913 1116 suppeditare
945 1063 993 1103 ut
1023 1061 1199 1116 possies.

161 1116 251 1161 PA.
298 1116 396 1175 Ego
415 1117 477 1160 sse
494 1118 741 1161 faciundum
760 1121 929 1162 censeo:
948 1134 1016 1162 me
1034 1120 1278 1163 honestiust
1317 1131 1386 1163 820

163 1176 301 1227 Quam
323 1177 369 1219 te
392 1177 537 1232 palam
561 1178 671 1220 hano
695 1193 786 1220 rem
810 1179 960 1233 facere,
983 1193 1038 1221 ne
1063 1179 1137 1221 illa
1157 1178 1387 1221 existumet

162 1235 336 1278 Amoris
367 1250 495 1278 causa
524 1237 738 1291 percitum
768 1238 812 1279 id
842 1237 993 1280 fecisse
1024 1241 1068 1280 te

162 1294 303 1351 Magis
333 1296 462 1350 quam
492 1309 569 1337 sua
599 1310 736 1338 eausa.
790 1296 862 1339 DI.
905 1296 966 1339 At
996 1297 1072 1352 pol
1100 1297 1174 1352 qui
1199 1297 1387 1353 dix[is]ti

964 1356 1133 1398 rectius.

163 1412 228 1455 Tu
259 1414 362 1469 ergo
393 1413 461 1455 fao
491 1416 540 1455 ut
571 1413 636 1456 illi
667 1415 838 1471 turbas,
868 1414 967 1457 lites
998 1415 1187 1471 (36110135,

165 1471 272 1515 Cum
295 1473 374 1515 su6
406 1472 491 1515 sibi
521 1476 654 1530 gnato
685 1477 814 1515 unam
845 1474 899 1515 ad
924 1474 1103 1516 amicam
1129 1475 1180 1516 de
1207 1474 1274 1516 die
1317 1485 1385 1518 825

163 1531 332 1586 Potare,
362 1531 482 1574 issam
512 1532 703 1588 expilare
735 1533 845 1574 Ham
878 1548 1038 1576 emone.

163 1589 250 1633 PA.
298 1589 396 1644 Ego
426 1589 543 1633 istud
573 1592 743 1634 curabo.
799 1591 872 1634 DI.
920 1580 991 1694 Ᾰὲ
1013 1608 1094 1659 ego
1119 1596 1163 1634 te
1188 1593 1389 1648 opperiar

993 1666 1091 1694 omi.

142 1780 222 1814 815.
249 1777 454 1823 suppones:
480 1789 561 1814 corr
585 1778 727 1815 Parcus
762 1782 774 1824 ss
811 1782 891 1815 816.
924 1778 1163 1825 Suppendas:
1189 1791 1270 1816 corr
1294 1781 1352 1817 Bo
1381 1782 1384 1827 Ι

47 1825 90 1859 tu
112 1823 222 1861 haec:
247 1827 323 1861 brai
354 1825 513 1861 Weisius
530 1826 542 1870 [Ι
561 1829 640 1863 823.
666 1827 723 1862 del
747 1827 805 1873 Py
823 1828 835 1871 u
855 1830 932 1862 826.
959 1826 1094 1862 Potare
1119 1828 1173 1864 vel
1197 1827 1351 1863 Portare
1376 1829 1389 1876 Η

48 1874 127 1908 827.
153 1870 257 1907 istud
281 1873 336 1909 vel
360 1871 458 1908 istuc
476 1874 489 1918 ΙΙ
