1560 2548
0 0 56 43 ,5-
90 0 116 7 „
146 0 201 9 ..

0 44 25 118 Σ
511 68 515 71 “
602 83 877 121 PRAEFATIO
1049 105 1052 107 ,
1350 82 1420 118 VH

64 181 206 238 potius
247 183 519 236 aspectantes
560 180 768 223 nobuimus
808 194 837 222 a
866 179 910 222 P
943 180 1123 223 recedere
1163 180 1421 233 nimiumque

74 241 249 284 mum
275 241 437 295 formae
466 240 565 282 vitio
594 241 642 282 in
660 239 704 282 A
733 253 994 294 nequaquam
1017 239 1217 282 inaudito.
1239 263 1295 268 —
1323 238 1420 280 244.

74 300 272 344 smssfflAM
314 297 417 356 (non
459 300 657 342 SUMMAM
699 312 826 352 neque
871 296 1086 355 SUMMAm)
1132 302 1285 341 certum
1328 301 1422 340 teste

73 361 198 404 etiam
232 357 397 402 Goetzio
432 359 604 412 itemque
640 372 675 400 v.
702 357 787 400 259
820 369 1037 399 MAXUMEI
1069 355 1171 415 (non
1202 354 1420 414 MAXUME)

74 421 298 474 amarcnte
326 429 344 460 1
373 421 574 461 entremae
605 418 746 471 capite.
779 442 835 447 —
875 416 971 459 258.
1011 416 1115 459 Post
1143 417 1190 459 in
1219 416 1421 471 Epidam-

73 477 185 521 nieis
215 475 274 535 (et
295 492 330 520 v.
353 475 467 520 1158
491 480 588 531 post
617 474 780 534 omnia)
812 490 903 519 cum
927 475 1067 519 Birtio
1098 477 1318 530 distinquit
1333 475 1423 529 Ap-

67 537 259 593 puhnius
292 537 452 590 Quaest.
486 535 555 579 Pl.
592 536 650 578 ed.
682 535 827 590 Marp.
860 550 897 578 a.
929 538 1042 578 1893
1064 550 1109 590 p.
1137 538 1202 578 73.
1235 560 1292 565 —-
1324 535 1422 578 282.

77 594 244 640 Germm
278 599 339 641 est
367 607 427 637 ΤΕ
458 609 536 649 quo
568 595 649 638 loco
678 601 721 643 zu:
750 595 920 637 notabat
949 592 1272 646 Studemundus‚
1315 594 1424 636 idem

74 666 107 698 Β
146 655 308 698 notavit
345 668 396 698 ex
443 654 593 709 fallaci
639 655 789 709 specie:
842 655 955 696 omni
998 655 1115 697 modo
1155 659 1423 702 ssssosscERTE

75 715 258 770 quadrat
286 711 353 771 (in
375 728 411 756 v.
428 714 515 757 284
546 715 594 756 de
623 727 871 767 unaquaque
898 714 985 767 fere
1015 713 1153 756 littera
1182 716 1324 755 notata
1354 713 1426 755 dw

76 771 323 831 bitandum).
356 797 412 803 —
445 771 542 815 295.
574 772 641 815 De
666 784 695 814 L
721 771 859 830 (infra
884 783 938 814 OS
966 786 1107 815 versus
1137 769 1424 829 antecedentis)

76 835 248 885 constat,
278 833 468 887 quamvis
497 831 719 886 neyleoecrit
747 830 1061 874 Studemundus.
1094 857 1151 862 —
1191 832 1287 874 368.
1319 831 1427 873 Her-

76 893 356 936 mannicmam
385 905 623 934 mensuram
661 905 689 933 a
720 889 932 945 Spenqelio
964 889 1236 944 Schoellioque
1267 904 1426 944 expres-

76 965 171 995 sam
200 949 426 1007 Seyffcrtus
456 951 618 993 monuit
643 951 750 1005 ferri
785 964 868 992 non
891 963 1028 1003 posse,
1065 951 1138 993 sed
1166 964 1258 992 cum
1289 949 1427 992 Muel-

78 1010 162 1054 lcro
188 1011 428 1066 faciendum
465 1023 565 1067 esse,
606 1023 697 1052 cum
734 1010 782 1051 in
811 1010 993 1052 versibus
1023 1009 1299 1064 anapaesticis
1329 1022 1427 1051 nus-

79 1084 206 1125 quam
241 1070 302 1112 sic
336 1073 386 1112 ut
419 1069 518 1112 olim
554 1070 802 1111 admisimus
839 1069 1088 1122 corripiatur
1129 1083 1207 1111 vox
1249 1068 1429 1111 iambica

80 1127 175 1187 (etsi
209 1128 311 1171 licei:
346 1129 531 1171 dubitari
558 1132 693 1182 potest
726 1142 828 1169 num
864 1142 942 1170 vox
971 1142 1061 1170 vere
1091 1128 1271 1170 iambica
1299 1129 1430 1182 fuerit

79 1186 210 1246 oum).
229 1212 287 1219 —-
313 1189 413 1231 416.
439 1187 615 1230 Lacuna
630 1187 703 1229 hoc
722 1187 803 1229 loco
827 1188 962 1241 mayis
987 1188 1111 1229 ctiam
1135 1201 1261 1241 quam
1285 1202 1319 1228 v.
1339 1186 1426 1228 432

79 1248 290 1291 induatur
317 1261 354 1290 v.
378 1247 489 1289 419:
532 1250 633 1289 certe
667 1260 752 1288 non
782 1248 1025 1300 eoespectavu
1053 1260 1162 1298 erus,
1203 1247 1326 1288 donec
1355 1247 1429 1300 qui

79 1306 270 1350 molestus
299 1309 392 1349 erat
417 1319 558 1348 servus
593 1319 672 1348 sua
707 1308 846 1359 sponte
875 1307 1089 1348 recederet:
1132 1319 1250 1359 quem
1279 1306 1318 1347 si
1348 1306 1429 1348 evi-

81 1369 171 1410 tare
185 1366 326 1420 potuit
341 1366 518 1420 propius
542 1366 600 1407 ad
621 1366 869 1407 meretricem
894 1365 1124 1417 accedendo,
1152 1366 1249 1407 item
1274 1365 1430 1407 dudum

82 1426 321 1468 accessisset.
361 1449 418 1454 —
454 1424 554 1467 466.
596 1424 713 1477 Quod
741 1424 995 1466 restituimus
1025 1438 1075 1467 ea·
1104 1424 1168 1466 As
1198 1438 1282 1466 non
1311 1425 1430 1466 modo

83 1484 188 1527 labro
223 1484 370 1527 mebius
407 1484 593 1526 convenit
622 1497 748 1536 quam
778 1483 937 1525 Loewii
967 1483 1096 1535 lectio,
1133 1497 1274 1526 verum
1305 1483 1430 1525 etiam

83 1543 252 1598 linquae
289 1543 425 1597 mayis
463 1543 678 1596 respondet
714 1556 839 1595 quam
875 1542 1042 1597 vulyata
1076 1542 1138 1585 vel
1159 1545 1258 1597 post
1287 1541 1429 1585 Stude-

82 1603 232 1646 mundi
261 1602 545 1657 apoqraphum
576 1605 719 1644 temere
748 1605 910 1644 recocta.
957 1627 1012 1632 —
1055 1603 1154 1644 479.
1201 1601 1371 1658 pallam
1403 1616 1431 1643 a

82 1659 145 1704 B’
175 1661 362 1704 additum
391 1661 524 1703 videri
554 1659 859 1703 Studemundus
890 1661 1121 1703 adnotabat.
1149 1686 1205 1691 —-
1236 1660 1334 1704 495.
1367 1661 1430 1702 in-

83 1721 222 1764 sciens
264 1721 353 1762 iam
394 1733 479 1763 non
519 1720 826 1774 separavimus:
874 1721 974 1774 quia
1005 1719 1229 1775 Seyffertus
1271 1721 1433 1763 monuit

84 1779 170 1823 coll.
208 1778 307 1822 Aul.
340 1781 406 1822 64.
450 1778 572 1821 Asin.
605 1781 699 1821 863.
744 1778 852 1821 Rud.
885 1780 976 1822 655.
1023 1780 1141 1822 Truc.
1174 1783 1258 1822 184
1290 1781 1430 1822 eadem

82 1839 245 1882 ratione
280 1837 481 1893 explicari
511 1851 631 1893 posse
667 1838 985 1891 nominativum,
1027 1854 1112 1893 qua
1140 1853 1220 1894 pro
1251 1840 1430 1881 vocativo

84 1901 294 1954 acceperat
323 1896 556 1941 Schoellius.
595 1921 650 1927 —
692 1897 807 1939 Inter
837 1913 871 1940 v.
898 1896 984 1940 543
1015 1902 1055 1941 et
1082 1897 1168 1940 549
1207 1899 1308 1941 duos
1340 1901 1430 1940 tan-

85 1961 174 2000 tum
200 1958 250 2000 in
278 1956 323 1999 A
352 1957 551 1999 exstitisse
581 1959 733 1998 certum
762 1960 830 2009 est,
852 1961 951 2011 post
978 1972 1013 2000 v.
1040 1957 1125 2000 549
1159 1955 1249 2014 (ubi
1272 1957 1335 1999 nil
1358 1971 1430 1999 no-

85 2017 191 2059 tavit
219 2014 543 2073 Studemundus)
574 2016 801 2058 insecutum
830 2030 914 2059 esse
937 2031 971 2058 v.
992 2016 1080 2059 550
1104 2031 1154 2059 ecc
1178 2028 1257 2071 Um*
1285 2017 1431 2059 litteris

83 2076 193 2119 vocis
230 2075 400 2132 operuit
435 2089 567 2130 nuper
603 2076 816 2129 apparuit,
855 2076 952 2118 item
988 2078 1095 2118 inter
1125 2090 1275 2118 novum
1305 2091 1340 2117 v.
1374 2101 1429 2105 —

83 2135 132 2178 in
161 2149 240 2189 quo
269 2146 389 2177 mAM
419 2148 450 2177 s.
479 2135 510 2189 f.
543 2135 742 2188 apparuit
771 2131 890 2191 (DAM
921 2134 1003 2193 As)
1036 2160 1092 2165 ——
1124 2139 1162 2178 et
1189 2150 1224 2177 v.
1246 2134 1330 2176 552
1363 2149 1430 2178 ex-

84 2194 169 2236 itus
204 2209 240 2236 v.
265 2192 351 2236 551
390 2194 580 2248 quamvis
617 2194 788 2236 tenuiter
825 2194 981 2237 dilucet.
1027 2219 1083 2225 ——
1128 2194 1246 2237 572b.
1293 2194 1364 2237 Vel
1400 2206 1428 2236 L

85 2251 242 2296 litterae
271 2253 438 2308 species,
475 2268 503 2295 a
538 2267 622 2307 qua
645 2254 851 2307 profectus
882 2267 964 2296 esse
994 2255 1153 2296 videtur
1185 2253 1430 2296 Studemun-

85 2311 178 2364 ἄφιε,
205 2313 382 2367 fortasse
409 2312 548 2366 fallam
578 2315 645 2355 est.
684 2337 740 2342 —
778 2311 875 2355 575.
909 2314 1048 2355 clueat
1080 2311 1181 2370 (non
1212 2311 1356 2370 ducat)
1388 2312 1433 2355 B
