1560 2548
483 582 930 633 PRAEFATIO

122 787 220 831 Etsi
249 803 338 831 non
374 788 519 831 omnia
555 803 608 831 ex
643 788 861 844 prioribus
898 788 1236 844 praefationibus
1266 803 1384 844 repe-

36 851 124 891 tere
154 848 365 904 volumus,
395 850 540 890 tamen
570 850 671 889 sunt
702 862 809 903 quae
841 848 901 890 eis
934 848 1007 903 qui
1039 848 1231 910 singulos
1261 848 1383 890 fasci-

35 907 153 950 culos
183 907 414 950 adhibeant
445 907 603 949 iterum
634 907 810 949 dicenda
841 921 930 949 esse
960 902 1196 964 videantur,
1228 907 1384 963 quibus

36 967 309 1024 adiungimus
340 981 449 1022 quae
480 966 534 1008 ad
563 966 677 1008 hunc
708 967 847 1008 solum
878 969 1083 1021 spectant.

123 1025 267 1082 Atque
297 1025 342 1068 Α
371 1025 530 1068 codicis
559 1024 836 1068 Ambrosiani
872 1026 1068 1081 rescripti
1106 1024 1247 1083 (cuius
1284 1026 1383 1068 scri-

36 1087 186 1141 pturae
222 1085 380 1128 litteris
411 1084 667 1141 capitalibus
704 1085 1013 1141 insigniuntur,
1052 1085 1276 1140 adpunctis
1316 1086 1386 1127 vel

35 1144 238 1187 seiunctis
281 1143 602 1201 incertioribus)
646 1144 763 1186 locos
806 1143 958 1186 dubios
1002 1159 1054 1186 ex
1095 1144 1384 1187 Menaechmis

37 1202 276 1246 Schoellius
298 1217 437 1259 nuper
460 1203 729 1245 retractavit:
755 1203 805 1245 de
831 1203 1026 1245 codicum
1050 1218 1150 1246 vero
1169 1203 1385 1246 Palatino—

34 1262 235 1306 Vaticam'
263 1262 310 1306 B
343 1266 386 1305 et
416 1262 616 1305 Vaticani
652 1262 873 1304 Vrsiniani
909 1262 955 1304 D
991 1263 1173 1305 lectione
1216 1263 1385 1319 saepius

35 1337 88 1364 ex
108 1321 391 1365 Studemundi
417 1322 684 1377 aliorumque
711 1336 818 1376 quae
843 1324 1013 1377 praesto
1040 1325 1131 1364 erat
1156 1322 1384 1365 collatione

36 1381 325 1425 dubitationes
349 1383 543 1424 moverat
568 1380 820 1436 Seyffertus‚
844 1383 1076 1436 perpetuus
1101 1384 1384 1438 strenuusque

34 1440 163 1484 huius
182 1440 382 1483 editionis
402 1440 589 1483 adiutor:
609 1455 714 1496 quas
733 1440 779 1481 in
797 1440 937 1482 Milite
955 1441 1179 1496 plerasque
1195 1440 1384 1484 Gunder-

34 1515 234 1556 mannus,
264 1500 310 1542 in
346 1499 584 1542 Mercatore
625 1499 854 1541 nonnullas
897 1499 1187 1542 Tschiedelius
1237 1500 1383 1543 solvit:

34 1574 358 1615 nonnumquam
383 1561 458 1601 aut
483 1573 536 1601 ex
559 1558 865 1614 probabilitate
896 1559 1177 1602 iudicavimus
1202 1562 1277 1602 aut
1302 1560 1376 1602 dis-

35 1618 298 1674 crepantiam
321 1618 566 1662 notavimus
591 1620 665 1660 aut
690 1618 923 1661 abiecimus
943 1633 1051 1674 quae
1070 1619 1182 1661 abici
1207 1622 1385 1675 propter

34 1677 97 1720 rei
115 1678 335 1720 levitatem
352 1679 563 1733 poterant.
611 1677 680 1719 Ex
699 1677 793 1719 BD
817 1679 861 1719 et
878 1676 1074 1721 Palatino
1093 1678 1328 1721 Decurtato
1352 1677 1388 1722 C

34 1737 176 1780 missis
201 1737 396 1779 minutiis
423 1737 635 1791 rebusque
661 1736 951 1793 singularibus
977 1752 1086 1792 quae
1108 1738 1270 1780 nullius
1295 1753 1384 1780 mo-

33 1797 169 1839 menti
205 1798 346 1839 essent
381 1795 639 1838 recensionis
675 1795 895 1839 Palatinae
927 1794 1008 1854 (P)
1045 1797 1250 1839 lectiones
1288 1797 1384 1840 effe-

34 1856 187 1898 cimus:
218 1855 377 1898 codicis
407 1870 508 1897 vero
534 1854 704 1897 Veteris
730 1855 906 1897 alteram
931 1871 1106 1898 manum
1130 1856 1192 1899 B2
1216 1871 1314 1898 cum
1339 1857 1383 1898 in

32 1914 250 1971 prioribus
276 1916 373 1958 octo
393 1914 551 1956 fabulis
570 1914 746 1956 alterius
764 1915 922 1957 codicis
946 1915 1082 1957 instar
1101 1930 1190 1958 esse
1215 1916 1384 1971 saepius

33 1974 247 2017 monitum
277 1973 346 2030 sit,
378 1988 463 2030 quo
489 1974 645 2015 clarius
677 1977 877 2029 appareat
908 1975 1036 2032 longe
1061 1975 1186 2017 aliter
1217 1989 1384 2030 compa-

33 2035 172 2076 ratam
209 2047 298 2076 esse
329 2033 375 2075 in
412 2033 590 2088 reliquis
620 2032 795 2089 fabulis,
821 2048 914 2089 ‚per
948 2033 1249 2076 Menaechmos
1294 2035 1384 2076 eius

33 2092 386 2149 interpolationes
416 2092 564 2148 plenas
601 2092 919 2149 exscripsimus,
951 2108 1048 2135 cum
1087 2094 1283 2148 deinceps
1315 2107 1384 2135 eas

33 2154 202 2194 tantum
221 2152 454 2208 scripturas
474 2152 711 2207 afferamus,
737 2151 892 2207 quibus
915 2155 990 2195 aut
1007 2167 1054 2195 re
1072 2167 1172 2195 vera
1192 2153 1385 2194 emenda-

33 2211 144 2254 verit
175 2214 424 2254 contextum
462 2214 537 2253 aut
579 2209 915 2254 memorabiliter
951 2213 1102 2254 saltem
1140 2212 1384 2254 correxerit.

121 2269 348 2314 Praeterea
377 2270 445 2313 usi
476 2285 623 2312 sumus
653 2269 721 2312 his
750 2271 885 2313 notis:

142 2327 148 2388 Ι
177 2368 181 2371 μ
212 2330 267 2372 ad
297 2330 560 2373 denotandos
590 2329 734 2372 hiatus
764 2345 852 2372 non
882 2331 1111 2388 legitimos.

1122 2400 1167 2435 a*
