1560 2548
6 0 155 65 ffl„.‚
352 0 376 4 ,ψ

600 91 873 130 PRAEFATIO
1342 91 1413 127 Vn

64 217 159 248 esse
185 202 388 249 iudicent.
446 200 513 245 Ac
542 201 666 244 valde
696 201 948 259 gaudemus,
980 201 1095 258 quod
1124 216 1235 243 unus
1266 216 1319 244 ex
1350 201 1412 244 eis

63 281 248 324 quorum
277 264 484 310 iudicium
514 263 692 320 plurimi
720 263 901 307 facimus
931 278 1020 305 non
1046 262 1174 305 modo
1200 261 1416 318 probavit,

62 326 142 370 sed
169 325 300 371 etiam
327 324 515 382 benigne
539 338 619 367 nos
644 323 843 366 adiuvare
867 321 1015 365 voluit.
1064 321 1178 365 Nam
1203 320 1250 364 Ο.
1271 320 1416 364 SEYF-

62 391 257 430 FERTVS
287 384 356 428 cui
386 383 586 441 plagulas
617 382 892 440 corrigendas
928 380 1243 424 transmisimus
1281 383 1324 423 et
1363 395 1417 422 ex

1 452 3 454 ’
40 444 203 501 1copiis
230 443 321 490 suis
352 458 517 487 errores
541 442 772 485 nonnullos
797 441 974 484 sustulit
1005 443 1048 483 et
1072 440 1201 483 scitas
1232 442 1281 482 ut
1306 439 1416 482 solet

63 503 363 548 adnotationes
386 501 626 557 adscripsit.
671 501 801 544 Cuius
819 500 984 543 nomini
1002 499 1116 557 grati
1141 498 1274 542 animi
1298 498 1417 541 testi·

63 563 220 609 fimdi
250 577 379 606 causa
406 564 546 605 totam
581 561 693 604 hanc
733 560 964 603 editionem
1001 559 1303 614 inscribemus,
1339 557 1417 600 ubi

63 623 268 667 volumen
286 621 487 677 primum
516 619 840 675 absolverimus,
871 619 916 661 id
947 619 1062 675 quod
1091 618 1338 661 curabimus
1368 619 1418 659 ut

21 688 24 690 ’
67 681 268 739 proximo
299 695 411 724 anno
441 681 528 722 fiat.

154 741 308 785 Restat
343 743 393 783 ut
423 738 721 782 adnotationes
760 738 842 780 hoc
873 737 968 780 loco
1000 736 1314 792 supplementis
1345 735 1418 778 ali-

67 802 174 857 quot
209 814 460 857 augeamus,
501 813 684 854 quorum
719 797 931 840 rationem
971 796 1045 852 qui
1082 798 1258 838 utentur
1293 795 1419 838 facile

66 859 340 917 perspicient.

155 915 492 962 BACGHIDES.
535 917 603 959 29.
646 930 726 958 nec
767 919 807 958 et
841 915 1046 970 quiquam
1082 913 1274 970 Seyfferti
1312 917 1419 966 sunt,

66 978 250 1033 reliquae
271 977 518 1021 mutationes
536 975 729 1019 Merceri.
749 1000 805 1005 —
834 976 929 1018 123.
954 973 1176 1017 Revocavit
1197 973 1422 1017 Schoellius

67 1038 178 1093 qnod
195 1036 282 1081 OD
299 1041 338 1079 et
353 1035 420 1079 Βι
429 1035 632 1090 praebent
646 1033 688 1077 Is
706 1037 868 1076 mutata
885 1034 1229 1087 interpunctione:
1253 1047 1332 1087 qno
1351 1033 1422 1075 tol-

69 1097 171 1140 litur
187 1110 302 1139 error
319 1096 446 1138 latius
456 1098 628 1150 patens:
654 1095 704 1148 οἵ.
724 1093 947 1148 Seyffertus
961 1092 1087 1135 ‘BerL
1099 1093 1205 1146 phil.
1228 1093 1422 1136 Wochen-

69 1155 229 1210 somift'
255 1158 367 1199 1890
390 1169 434 1209 p.
459 1157 548 1198 212
558 1167 617 1209 sq.
647 1178 696 1183 —
734 1153 831 1195 146.
856 1152 1008 1194 ituru's
1034 1152 1208 1194 domum
1226 1152 1425 1206 proponit

69 1215 306 1270 Smfferms.
331 1238 390 1245 —
420 1213 518 1256 332.
544 1212 626 1263 Qui
651 1212 819 1267 (puro)
845 1226 949 1253 auro
975 1210 1209 1254 Schoellisns.
1240 1237 1295 1241 -
1322 1211 1421 1254 348.

69 1274 196 1318 Abeo
212 1272 316 1316 hinc
333 1271 568 1328 Seyffertus.
588 1297 642 1302 —
664 1273 762 1314 530.
789 1285 914 1313 omne
936 1285 1103 1312 aurum:
1130 1271 1292 1327 <ei-go>
1309 1284 1422 1312 nunc

72 1347 152 1391 ego
190 1332 424 1376 Schoellius.
466 1357 526 1362 —
568 1332 666 1374 616.
705 1331 789 1373 617
833 1331 896 1373 ita
934 1330 1143 1373 constituit
1177 1329 1422 1385 Seyffertus:

72 1391 287 1436 credibile
323 1391 406 1434 hoc
442 1391 538 1434 est?
575 1389 758 1445 nequior
785 1388 789 1446 Ι
819 1389 946 1444 <Μὲ>
980 1391 1150 1431 nemost
1185 1403 1325 1444 neque
1363 1388 1423 1431 in-

71 1451 245 1509 dignior
277 1452 283 1507 Ι
319 1449 433 1502 Quoi
461 1449 607 1504 di<ui>
638 1449 748 1492 bene
779 1448 940 1491 faciant
975 1463 1114 1503 neque
1152 1463 1278 1503 quem
1312 1447 1423 1503 quis-

73 1525 202 1567 quam
224 1510 355 1553 homo
380 1511 454 1552 aut
479 1510 594 1552 amet
619 1511 694 1550 aut
715 1508 853 1550 adeat.
881 1533 936 1538 —
964 1509 1049 1551 632
1065 1522 1156 1563 sqq.
1181 1508 1242 1550 sic
1266 1507 1424 1550 Sched-

73 1570 178 1614 lius:
207 1569 400 1625 Reppuli
424 1568 553 1612 reieci
577 1568 807 1611 h6minem.
841 1567 945 1623 quid
968 1566 1079 1609 mihi'
1104 1574 1109 1618 Ι
1138 1557 1188 1609 [d
1218 1567 1424 1622 prodest?

74 1628 180 1685 quid
206 1628 391 1672 faciam?
420 1627 486 1671 m'l
514 1627 654 1670 habeo
686 1627 831 1670 miser:
860 1627 865 1681 Ι
897 1626 976 1669 me
1009 1626 1181 1682 quidem
1211 1626 1322 1669 hanc
1352 1626 1424 1668 ab·

73 1689 214 1743 ducet,
237 1687 337 1731 scio.
357 1713 414 1718 —
434 1687 532 1730 695.
551 1686 701 1743 Perge,
718 1686 844 1729 facile
863 1685 1098 1741 Seyffertus.
1116 1711 1175 1716 --
1197 1686 1292 1730 765.
1313 1689 1424 1728 tran-

74 1747 257 1803 quillum
281 1746 342 1789 mi
367 1745 600 1790 Sohoellius.
622 1771 681 1776 —
707 1746 805 1789 810.
831 1745 1049 1788 Intercidit
1070 1744 1281 1788 adnotatio
1306 1746 1424 1788 haec:

6 1851 8 1854 ,
73 1805 457 1861 Bellorophontem
481 1805 568 1847 iam
589 1804 684 1848 OD.
726 1804 848 1847 Bello
873 1804 1131 1859 rophantem
1154 1804 1241 1847 iam
1261 1805 1314 1847 B.
1340 1805 1426 1846 iam

0 1865 5 1881 ⁶
74 1866 148 1910 del.
173 1865 360 1909 Bonitus.
385 1890 445 1896 —
476 1865 572 1908 851.
606 1878 788 1919 quacum
819 1864 945 1907 etiam
972 1863 1056 1907 OD
1079 1864 1229 1907 habent
1256 1878 1348 1907 cwm
1372 1864 1425 1906 B.

4 1930 9 1982 J
73 1949 134 1956 -
164 1925 262 1968 870.
298 1923 345 1967 Si
381 1926 527 1980 potest
563 1923 653 1966 B1:
695 1924 804 1977 quod
838 1937 980 1966 verum
1019 1937 1102 1966 esse
1132 1937 1255 1977 posse
1293 1926 1430 1966 monet

76 1983 310 2039 Seyffertns.
334 2009 393 2015 —
424 1984 524 2026 933.
555 1982 592 2025 Ο
616 1982 785 2025 Priame
815 1982 984 2038 periisti
1016 1997 1145 2025 senex
1168 1983 1427 2025 scribendum

75 2047 136 2087 est
163 2042 306 2098 (deleto
331 2042 556 2098 commate).
582 2067 640 2072 -—
665 2042 763 2085 949.
789 2054 1129 2085 ULIXEMAumm
1153 2042 1196 2084 A
1223 2043 1351 2093 habet,
1382 2045 1430 2083 nt

76 2116 126 2145 ex
160 2103 255 2157 ipsa
291 2103 552 2145 adnotatione
574 2105 700 2155 patet.
730 2126 789 2131 —
821 2102 918 2145 980.
951 2102 1049 2144 981.
1080 2101 1172 2144 Hos
1203 2115 1342 2143 versus
1379 2101 1426 2143 in

74 2163 158 2216 fine
192 2161 357 2204 mutuos
393 2175 476 2204 esse
515 2161 675 2203 monuit
709 2159 941 2215 Seyffertus.
979 2186 1037 2191 —
1078 2162 1176 2203 994.
1214 2160 1427 2215 Equidem

76 2220 296 2275 iustumst,
336 2223 433 2263 tuos
472 2220 703 2263 Sclwellius.
741 2245 799 2250 —
839 2221 938 2263 999.
974 2219 1047 2262 NI.
1082 2234 1242 2273 praem.
1279 2219 1331 2262 B.
1369 2245 1427 2250 —

79 2280 205 2323 1083.
236 2279 303 2323 De
334 2279 509 2322 desidiai
534 2293 614 2333 pro
646 2278 829 2321 desidiae
862 2279 900 2321 ei
929 2282 1080 2336 coyitat
1108 2279 1341 2322 Schoellius.
1369 2304 1428 2309 -

78 2337 204 2380 1164.
236 2351 343 2393 opus
375 2338 517 2380 uerbis
550 2341 614 2380 est
647 2337 732 2381 CD
761 2339 918 2382 habent.
