1560 2548
596 88 661 124 DE
685 86 877 138 PLAVTO
1300 87 1423 123 XXIII

12 198 15 199 ⁷
74 196 210 240 Van-o
249 195 296 239 in
339 196 452 240 libro
497 196 548 239 de
591 196 822 239 comoediis
864 195 1077 238 Plautinis
1121 196 1260 251 primo
1301 195 1422 238 Accii

72 256 208 299 uerba
231 255 338 299 haec
362 255 557 312 ponit...
574 290 581 297 .
598 256 665 311 {esi
689 254 813 311 XIII]
839 255 884 297 in
910 255 1058 297 eodem
1083 255 1195 303 libro
1214 254 1422 297 Varronis

72 315 118 357 id
142 330 314 371 quoque
339 315 550 371 scriptum
574 315 793 357 Plautium
817 314 950 357 fuisse
977 314 1223 369 quempiam
1247 317 1422 369 poetam

71 374 401 418 comoediarum.
463 374 664 429 quoniam
706 373 878 416 fabulae
924 377 1026 425 <eae
1069 375 1161 416 add.
1196 374 1422 428 Hermus>

15 456 17 460 v
73 433 215 476 Plauti
246 433 477 489 inscriptae
507 433 662 489 forent,
694 436 889 488 acceptas
922 448 1011 475 esse
1038 433 1159 488 quasi
1184 432 1420 487 Plautinas,

10 515 12 517 ·
71 507 170 535 cum
195 495 337 535 essent
361 507 448 535 non
473 507 498 534 a
515 492 670 534 Plauto
690 492 926 548 Plautinae⁷
952 492 1026 534 sed
1051 507 1076 533 a
1100 491 1271 534 Plautio
1296 491 1420 534 Plau-

71 552 213 594 tianae
251 552 319 608 [cf.
338 550 471 607 VIII]
532 551 730 594 feruntur
768 554 911 594 autem
949 551 1029 594 sub
1065 551 1210 593 Plauti
1247 551 1420 593 nomine

71 611 315 654 comoediae
352 611 522 654 circiter
561 614 734 653 centum
771 613 900 666 atque
939 610 1137 667 triginta:
1179 610 1252 652 sed
1290 611 1420 652 homo

73 670 387 713 eruditissimus
423 670 469 712 L.
500 669 650 712 Aelius
692 670 880 725 quinque
922 673 964 711 et
1004 669 1161 726 uiginti
1199 670 1290 712 eius
1326 685 1419 726 esse

72 730 186 772 solas
205 729 482 772 existimauit.
530 744 669 785 neque
694 732 834 771 tamen
864 729 1043 772 dubium
1069 731 1134 771 est
1161 729 1265 784 quin
1289 729 1420 771 istaec

71 803 180 845 quae
218 789 402 844 scriptae
441 803 466 830 a
495 787 650 831 Plauto
687 804 775 833 non
811 788 1012 830 uidentur
1049 791 1091 830 et
1127 788 1291 830 nomini
1329 788 1420 830 eius

7 846 20 891 '⁷
72 847 326 890 addicuntur
355 850 551 890 ueterum
582 850 807 903 poetarum
838 848 999 889 fuerint
1037 850 1079 889 et
1110 847 1164 889 ab
1205 862 1253 890 eo
1291 850 1420 889 retra-

29 919 43 966 J
71 909 210 974 etatae
235 907 450 963 expolitae
476 907 563 950 sint
582 922 630 949 ac
649 910 879 962 propterea
897 907 1106 962 resipiant
1126 907 1274 949 stilum
1296 907 1420 948 Plau-

16 1021 19 1028 ’
71 970 373 1068 tmunXXXIH
408 1024 605 1068 SERVIVS
643 1027 690 1068 in
728 1026 841 1080 Very.
873 1026 976 1067 Aen.
1006 1040 1051 1080 p.
1078 1029 1122 1078 4,
1149 1029 1202 1067 14
1227 1026 1266 1066 T
1266 1025 1303 1066 h.
1314 1039 1327 1066 .·
1369 1024 1419 1065 de

71 1100 250 1128 numero
279 1084 491 1127 librorum
520 1084 640 1126 nulla
669 1084 740 1127 hie
772 1084 965 1139 quaestio
997 1087 1078 1140 est,
1115 1084 1216 1126 licet
1248 1084 1293 1126 in
1324 1083 1420 1125 aliis

73 1144 318 1187 inueniatur
347 1143 614 1186 auctoribus:
644 1159 744 1185 nam
774 1143 977 1185 Plautum
1009 1143 1081 1185 alii
1114 1143 1259 1185 dicunt
1290 1158 1421 1185 unam

74 1206 150 1310 eign
151 1202 324 1304 15ιιίςίηῄἰ
380 1202 550 1245 fabulas
605 1202 825 1258 scripsisse
880 1202 953 1244 alii
1009 1202 1291 1258 quadraginta
1346 1202 1419 1244 alii

73 1278 117 1373 es
172 1277 373 1363 anXXIV
411 1319 583 1363 CICERO
615 1322 727 1374 epist.
754 1321 829 1363 IX
857 1324 922 1372 16,
947 1323 976 1362 4
1008 1319 1085 1377 (ad
1113 1320 1162 1362 L.
1195 1319 1421 1373 Papirium

22 1435 23 1438 Ἴ
74 1377 251 1424 Paetum
295 1378 380 1423 Ser.
416 1379 567 1422 Caudii
611 1379 678 1436 [cf.
710 1379 873 1421 XXXII
914 1379 991 1435 im]
1028 1377 1278 1436 patruelem)
1287 1394 1300 1420 .·
1347 1379 1421 1421 sed

12 1466 19 1482 A
74 1443 217 1483 tamen
246 1439 340 1495 ipse
372 1438 525 1482 Caesar
554 1438 686 1480 habet
717 1453 890 1494 peracre
922 1438 1143 1494 iudicium,
1176 1441 1218 1480 et
1250 1441 1298 1480 ut
1329 1437 1421 1480 Ser-

74 1498 171 1542 uius
206 1498 340 1541 frater
375 1500 494 1554 tuus,
534 1513 661 1554 quem
697 1498 1058 1540 litteratissimum
1095 1498 1225 1539 fuisse
1267 1497 1420 1552 iudico,

0 1571 3 1600 ῑ
36 1552 42 1574 ”
74 1557 198 1601 facile
223 1556 382 1600 diceret
409 1557 493 1599 ‘hic
515 1572 666 1600 uersus
690 1557 833 1599 Plauti
860 1560 936 1604 est,
970 1557 1039 1598 hic
1063 1572 1151 1599 non
1182 1557 1272 1612 est',
1307 1557 1421 1612 quod

17 1652 27 1675 3
74 1617 200 1660 tritas
237 1616 353 1659 auris
387 1617 567 1659 haberet
603 1616 803 1659 notandis
843 1616 1075 1673 generibus
1115 1618 1339 1671 poetarum
1378 1619 1420 1657 et

17 1693 22 1699 ·
75 1676 380 1719 consuetudine
415 1675 604 1732 legendi,
641 1676 702 1718 sic
739 1675 863 1718 audio
902 1675 1125 1718 Caesarem
1166 1690 1262 1717 cum
1302 1675 1420 1717 uolu-

74 1735 190 1778 mina
219 1735 306 1777 iam
337 1735 566 1778 confecerit
598 1734 970 1791 ἀποφθεγμάτων,
1001 1735 1037 1776 si
1064 1735 1179 1789 quod
1206 1734 1422 1776 adferatur

10 1829 18 1847 2
75 1795 129 1837 ad
165 1809 262 1836 eum
293 1809 372 1849 pro
404 1809 499 1836 meo
532 1795 646 1849 quod
676 1809 819 1835 meum
848 1809 935 1836 non
967 1794 1040 1849 sit,
1076 1794 1234 1835 reicere
1273 1793 1420 1835 solere.

0 1890 23 1913 ,ἢ
191 1853 354 1895 XXXV
382 1853 656 1896 MACROBIVS
690 1854 858 1896 Satura.
885 1854 945 1895 II
969 1857 1004 1905 1,
1030 1857 1104 1895 10:
1146 1855 1188 1894 et
1219 1853 1305 1894 iam
1336 1852 1420 1907 pri-

8 1933 27 1973 5
75 1927 193 1955 mum
229 1912 522 1955 animaduerto
561 1913 667 1954 duos
697 1927 804 1967 quos
842 1912 1214 1967 eloquentissimos
1245 1912 1422 1966 antiqua

7 1978 26 2022 ξς
75 1974 192 2014 aetas
232 1971 351 2027 tulit,
395 1971 603 2014 comicum
643 1971 843 2014 Plautum
884 1974 926 2013 et
967 1974 1180 2013 oratorem
1220 1971 1422 2026 Tullium,

75 2045 149 2073 eos
179 2030 328 2073 ambos
358 2030 487 2073 etiam
519 2031 572 2072 ad
602 2030 793 2073 iocorum
824 2033 1094 2073 uenustatem
1120 2030 1273 2072 ceteris
1303 2044 1422 2084 prae-

14 2088 31 2135 -2'
76 2089 248 2132 stitisse.
309 2089 488 2132 Plautus
529 2090 701 2144 quidem
742 2104 790 2132 ea
830 2105 874 2132 re
916 2090 1054 2131 clarus
1090 2089 1174 2130 fuit
1183 2123 1194 2144 ⁷
1233 2091 1281 2130 ut
1322 2091 1422 2143 post

8 2148 31 2213 ξ
76 2151 258 2199 mortem
289 2148 380 2191 eius
405 2148 647 2191 comoediae
668 2163 781 2207 *quae
812 2149 998 2190 incertae
1023 2147 1274 2190 ferebantur
1298 2147 1422 2189 Plau-

75 2207 190 2250 tinae
221 2210 365 2250 tamen
397 2208 447 2250 de
478 2208 670 2250 iocorum
701 2207 825 2263 copia
854 2210 1143 2250 noscerentur.

14 2287 20 2302 ι
192 2265 376 2309 XXXVI
404 2267 671 2309 TEREN'rIvs
696 2267 910 2309 EVNvom
927 2267 1033 2321 prol.
1061 2282 1095 2309 v.
1121 2267 1200 2309 25:
1227 2265 1423 2308 Colacem

6 2338 9 2340 ’
75 2339 167 2368 esse
196 2325 336 2369 Naeui
367 2328 410 2368 et
439 2326 583 2368 Plauti
615 2329 804 2368 ueterem
834 2326 1036 2368 fabulam.
1101 2325 1162 2379 Cf.
1188 2324 1340 2367 XXIV.
