1560 2548
184 77 322 114 XXXII
573 78 868 115 TESTIMONIA
893 78 1126 115 VETERVM

183 187 296 227 sunt.
357 185 591 227 delectandi
628 201 754 228 causa
789 187 929 240 fictae,
964 188 1014 228 ut
1051 200 1124 228 eae
1160 199 1264 241 quas
1293 185 1425 242 uulgo
1456 185 1515 227 di-

184 246 300 299 cunt,
330 244 400 285 uel
431 245 576 299 quales
605 244 784 286 Plautus
815 247 858 286 et
887 244 1110 287 Terentius
1139 246 1479 300 composuerunt.

301 313 457 354 LXXX
487 313 793 356 HmRommvs
826 315 882 356 ad
903 315 1168 357 Eustochium
1191 313 1344 357 XXII
1358 317 1415 357 30
1444 317 1469 356 t.
1489 314 1523 356 I

178 386 223 427 p.
249 374 328 414 115
354 372 480 414 Van:
512 386 607 414 cum
638 375 735 414 ante
766 387 899 414 annos
928 373 1134 427 plurimos
1166 372 1302 428 domo,
1331 372 1514 428 parenti-

187 430 285 484 bus,
317 444 479 486 sorore,
510 431 702 487 cognatis
734 434 793 487 et,
826 431 939 486 quod
967 431 1035 473 his
1065 430 1278 473 difficilius
1308 433 1391 486 est,
1420 445 1515 473 con—

183 488 410 530 suetudine
451 489 646 531 lautioris
689 490 774 531 cibi
818 492 995 544 propter
1036 489 1247 531 caelorum
1281 503 1350 531 me
1383 503 1516 546 regna

184 550 437 589 castrassem
486 550 528 589 et
582 547 923 602 Hierosolymam
975 547 1235 590 militaturus
1282 562 1515 605 pergerem,

188 605 451 648 bibliotheca
477 621 603 661 quam
627 606 733 648 mihi
757 607 917 649 Romae
942 620 1105 648 summo
1132 605 1271 648 studio
1297 621 1345 648 ac
1367 606 1515 648 labore

185 664 449 706 confeceram
474 679 613 706 carere
645 665 816 707 omnino
846 680 932 707 non
962 667 1165 719 poteram.
1213 665 1359 720 itaque
1386 665 1516 707 miser

190 737 269 778 ego
294 723 481 764 lecturus
505 723 692 764 Tullium
716 723 974 766 ieiunabam:
1005 726 1103 778 post
1125 723 1316 765 noctium
1346 723 1515 765 crebras

188 781 372 837 uigilias,
402 783 502 836 post
525 781 732 836 lacrimas,
764 797 867 836 quas
891 781 997 823 mihi
1026 782 1353 836 praeteritorum
1382 796 1515 824 recor-

188 839 303 881 datio
334 842 604 894 peccatorum
635 855 687 882 ex
717 841 814 882 imis
845 840 1079 882 uisceribus
1109 840 1302 895 eruebat,
1337 839 1516 883 Plautus

187 898 436 940 sumebatur
465 898 511 939 in
539 913 699 941 manus.

305 967 480 1009 LXXXI
515 968 719 1010 RVFINVS
755 970 802 1010 in
831 969 1130 1023 Hieronymum
1165 969 1226 1011 II
1249 972 1287 1012 8.
1317 973 1371 1011 10
1407 973 1431 1011 t.
1464 970 1525 1012 II

181 1041 225 1081 p.
252 1030 334 1068 639
346 1040 428 1080 sqq.
456 1027 580 1068 Van.-
610 1027 828 1069 Maronem
854 1042 977 1069 suum
1001 1027 1265 1082 comicosque
1290 1042 1338 1069 ac
1359 1027 1517 1082 lyricos

187 1088 233 1126 et
269 1085 494 1126 historicos
530 1089 722 1127 auctores
758 1085 926 1127 traditis
964 1085 1047 1127 sibi
1085 1085 1138 1126 ad
1173 1085 1416 1127 discendum
1450 1085 1517 1127 dei

189 1143 386 1185 timorem
416 1143 606 1197 puerulis
638 1144 896 1198 exponebat:
927 1143 1089 1185 scilicet
1119 1146 1162 1185 et
1187 1146 1238 1186 ut
1266 1147 1518 1199 praeceptor

189 1203 310 1243 fieret
329 1204 549 1244 auctorum
568 1202 803 1258 gentilium,
827 1217 932 1257 quos
959 1202 992 1244 si
1016 1202 1191 1302 legisset
1214 1202 1518 1262 tantummodo,

191 1260 406 1302 Christum
443 1275 486 1302 se
522 1263 777 1316 negaturum
813 1260 1059 1302 iurauerat.
1155 1275 1344 1315 quaero
1382 1261 1417 1302 si
1449 1262 1518 1302 uel

189 1318 365 1360 Flaccus
395 1321 495 1360 tuus
527 1322 600 1360 aut
624 1319 755 1373 Maro,
787 1319 822 1360 si
846 1319 1024 1360 Plautus
1054 1319 1239 1360 comicus
1269 1321 1343 1360 aut
1367 1319 1518 1360 Teren

190 1376 276 1418 tius
314 1379 444 1432 certe,
485 1377 519 1418 si
554 1377 625 1418 uel
662 1352 864 1418 Satiricus
905 1377 1000 1431 quis
1037 1377 1149 1418 inter
1189 1376 1330 1418 omnia
1369 1392 1518 1432 spurca

190 1450 267 1476 sua
298 1438 341 1476 et
371 1435 584 1489 impudica
615 1435 729 1476 istud
758 1435 876 1476 nefas
907 1435 951 1476 in
982 1435 1106 1476 deum
1136 1449 1188 1477 ex
1219 1450 1295 1477 suo
1321 1450 1392 1477 ore
1423 1450 1517 1490 pro-

189 1493 365 1534 tulerit?
398 1527 405 1534 .
437 1527 444 1534 .
474 1527 482 1534 .
512 1527 519 1534 .
549 1493 607 1535 sic
651 1493 749 1534 dum
791 1496 909 1535 totus
950 1493 1172 1534 Plautinae
1215 1495 1258 1535 et
1300 1493 1517 1536 Tullianae

188 1552 309 1606 cupis
341 1551 605 1606 eloquentiae
637 1554 820 1593 sectator
849 1551 983 1593 uideri
1003 1585 1011 1593 .
1033 1585 1040 1593 .
1062 1586 1070 1593 .
1091 1585 1099 1593 .

306 1620 503 1662 LXXXII
544 1621 849 1663 HIERONYMVS
893 1623 981 1663 adv.
1018 1621 1219 1675 Rufinum
1255 1622 1287 1663 I
1315 1625 1369 1664 13
1411 1626 1434 1664 t.
1467 1622 1527 1664 II

185 1694 226 1733 p.
251 1683 336 1722 469
363 1679 488 1722 Vall..·
526 1679 649 1721 audio
686 1682 904 1734 praeterea
941 1683 983 1721 te
1016 1680 1220 1734 quaedam
1251 1680 1301 1721 de
1338 1680 1519 1734 epistola

190 1753 283 1779 mea
313 1738 608 1792 philosophice
640 1752 811 1793 carpere
843 1741 886 1779 et
916 1738 1130 1780 hominem
1160 1753 1338 1794 rugosae
1366 1739 1519 1780 frontis

188 1797 444 1850 adductique
477 1796 693 1850 supercilii
723 1796 922 1838 Plautino
954 1797 999 1838 in
1028 1811 1096 1838 me
1128 1797 1212 1838 sale
1242 1797 1396 1838 ludere.

305 1865 523 1908 LXXXIII
551 1864 867 1908 APOLLINARIS
894 1866 1109 1908 SIDONIVS
1138 1880 1260 1908 casrm.
1288 1867 1347 1908 II
1363 1870 1443 1909 191
1473 1868 1520 1909 de

189 1925 407 1967 Anthemio
438 1924 643 1978 Auyusto:

250 1983 473 2025 Praeterea
504 1982 704 2036 quicquid
733 1982 969 2024 Latialibus
1000 1983 1142 2024 indere
1172 1982 1296 2024 libris

250 2041 394 2083 Prisca
425 2043 539 2082 aetas
571 2040 752 2095 studuit,
783 2044 922 2082 totum
953 2055 1196 2096 percurrere
1229 2043 1391 2082 suetus:

251 2099 340 2149 Qua
372 2098 546 2153 Crispus
577 2099 789 2140 breuitate
821 2100 978 2154 placet,
1010 2114 1093 2154 quo
1123 2099 1306 2154 pondere
1337 2099 1489 2152 Varro,

251 2158 341 2207 Quo
374 2158 497 2213 genio
528 2157 722 2211 Plautus,
755 2172 837 2212 quo
869 2158 1046 2199 fulmine
1077 2157 1370 2207 Quintilianus.

190 2290 277 2328 148
308 2227 523 2269 LXXXIV
565 2226 879 2269 APOLLINARIS
925 2227 1139 2269 Smomvs
1183 2241 1305 2268 carm.
1349 2227 1527 2268 XXIII

287 2300 366 2339 ες..-
