1560 2548
160 50 162 52 ,
186 44 191 53 ,

6 81 16 95 ,,

9 130 22 157 ’1

7 261 9 266 ,
44 221 283 266 Mercatore
318 222 457 265 multo
494 222 786 278 frequentiora
816 223 921 280 sint,
958 222 1044 264 iam
1074 223 1291 264 nolulmus
1321 222 1390 265 his

44 284 298 338 apparatum
329 296 516 338 onerare,
547 282 621 324 sed
649 281 732 324 hoc
762 282 856 324 loco
882 296 1103 324 monemus
1128 297 1206 324 nos
1231 283 1270 324 ei
1292 296 1389 324 nus-

45 356 175 397 quam
205 342 335 384 tacite
367 340 623 396 exhibuisse,
652 341 737 383 nisi
767 341 843 383 ubi
875 343 949 383 aut
978 341 1022 383 A
1052 343 1126 382 aut
1157 340 1201 383 P
1229 339 1317 398 (vel
1346 341 1392 383 B

44 399 216 458 saltem)
261 403 335 443 aut
376 399 472 442 ΑΡ
511 399 752 442 exhibeant.
818 399 933 443 Nam
976 400 1026 442 de
1069 400 1389 443 obscurioribus

46 459 260 502 ‘indiciis’
292 462 498 515 tenemus,
529 474 637 514 quae
668 459 773 501 olim
799 458 1037 502 Schoelh'us
1067 460 1198 515 praef.
1217 459 1387 501 Trucul.

43 534 86 576 p.
110 530 263 561 mm
280 533 343 575 sq.
374 519 589 574 exposuit:
634 533 741 574 quae
779 521 822 560 et
858 519 904 561 in
938 518 1093 561 Plauto
1132 521 1174 561 et
1210 519 1256 561 in
1293 519 1388 560 aliis

43 577 328 634 scriptoribus
375 591 500 633 saepe
548 578 829 634 neglexerunt
876 578 1194 634 negleguntque
1249 578 1387 620 critici

44 635 184 695 (velut
205 651 343 693 nuper
366 637 413 679 in
437 637 637 679 oratoriis
662 637 716 679 ad
736 636 1001 679 Herennium
1026 637 1149 679 libris
1173 637 1388 679 luculente

42 696 311 739 recensendis
341 695 535 738 Marxius
566 696 724 738 abusus
755 699 819 738 est
842 696 961 738 falsis
985 697 1180 753 vestigiis
1205 698 1243 739 ei
1268 696 1388 752 diph-

43 755 198 814 thongi
233 754 553 813 restituendae).
613 755 892 798 Memorabile
923 756 1166 811 exemplum
1196 758 1245 797 ut
1276 771 1388 798 com-

43 829 329 858 memoremus
358 814 450 856 Μ11.
474 815 631 857 v.162.
660 815 743 857 179
775 815 987 871 Bergkius
1020 813 1304 882 Goetziusque
1335 830 1387 857 ex

42 875 235 918 seimiwm
258 874 474 929 scriptura
499 874 666 916 efficere
690 875 881 917 seimiam
899 874 1145 916 voluerunt:
1172 876 1216 916 at
1238 876 1387 917 seimia

41 932 256 989 hodieque
285 933 426 976 forma
456 935 521 975 est
550 932 677 975 Itala·
706 947 845 988 neque
875 934 1013 990 magis
1044 948 1096 975 ex
1120 935 1200 976 3613
1224 948 1303 989 pro
1328 935 1387 976 sis

43 992 202 1035 tradito
240 990 577 1060 (similibusque)
616 993 666 1034 de
702 993 782 1035 seis
820 992 1095 1049 cogitandum
1135 1007 1224 1034 esse
1264 993 1387 1035 docet

41 1051 105 1096 310
133 1066 213 1108 pro
243 1052 326 1094 seio
362 1066 451 1094 non
486 1052 628 1093 minus
659 1066 783 1107 saepe
814 1066 1062 1106 comparens
1093 1050 1386 1110 (similiaque).

130 1109 503 1154 MENAEGHMI.
566 1110 632 1154 75..
679 1111 796 1164 Quod
835 1109 1260 1169 Mono(isa)‹}(it)A'r
1302 1126 1388 1154 non

41 1169 352 1225 improbabilem
393 1171 526 1213 videri
568 1170 775 1213 lectionem
816 1169 1121 1212 Studemundus
1164 1171 1386 1223 adnotavit,

42 1230 92 1273 de
121 1240 153 1272 G
182 1243 261 1284 quo
285 1229 368 1272 1060
392 1229 624 1272 dubitanter
648 1229 752 1283 leyit,
777 1229 890 1271 nullo
914 1230 1031 1271 modo
1056 1230 1227 1284 eoqitasri
1243 1234 1386 1283 potest.

42 1288 173 1331 Modo
202 1287 276 1331 hic
304 1287 476 1330 habitat
505 1301 622 1340 sane,
653 1289 702 1331 de
731 1302 815 1342 qua
844 1290 1123 1331 emendatione
1151 1290 1387 1357 recipienda

41 1348 114 1391 vix
143 1347 396 1400 dubitamus,
434 1361 484 1390 ex
514 1347 558 1389 A
586 1322 754 1402 firmari
782 1348 932 1401 nequit.
965 1372 1021 1377 —
1056 1349 1110 1390 76
1124 1362 1186 1403 sq
1218 1360 1246 1390 L
1277 1350 1386 1391 voeis

42 1404 260 1465 (m10)L
282 1405 358 1463 US)
395 1420 480 1448 non
514 1407 654 1449 minus
690 1406 800 1449 clare
836 1410 1008 1460 apparet
1035 1421 1161 1460 quam
1190 1408 1238 1449 in
1267 1421 1387 1450 versu

41 1467 224 1520 sequenti
281 1466 356 1508 sub
389 1464 743 1522 [P]ARAs[1'rus])
784 1466 941 1508 litterae
982 1476 1085 1508 Ems
1121 1468 1387 1520 praecedente

40 1525 164 1568 hasta
193 1527 231 1577 1,
261 1528 308 1567 ut
335 1525 492 1567 mirum
521 1526 579 1567 sit
606 1525 714 1567 nihil
744 1525 816 1567 1106
846 1524 928 1567 1060
958 1525 1109 1568 vidisse
1140 1524 1386 1568 Studemun-

42 1585 153 1627 dum.
218 1583 336 1638 Quod
363 1597 456 1626 vero
487 1582 710 1626 Schoellius
741 1583 974 1627 dubitanter
1003 1585 1082 1626 hue
1112 1586 1243 1627 traxit
1267 1586 1386 1640 fraq-

41 1646 223 1686 mentum
262 1643 468 1697 quoddam
514 1644 707 1686 adiacens
746 1657 796 1686 ex
845 1643 971 1685 trium
1016 1657 1206 1686 versuum
1252 1645 1386 1698 spatio

41 1701 284 1754 abseissmn,
333 1701 446 1744 nullo
489 1703 606 1745 modo
648 1703 726 1744 huc
766 1703 973 1756 quadrare
1011 1717 1142 1756 nuper
1182 1704 1296 1746 vidit.
1330 1729 1386 1734 —

42 1762 100 1806 98
113 1775 176 1817 sq.
206 1771 345 1804 -UCAT
376 1764 416 1803 et
444 1772 507 1802 -ΙΤ
539 1775 570 1804 3.
587 1763 619 1815 f,
638 1776 673 1804 v.
699 1761 927 1804 clarissime
951 1765 1162 1815 apparent.
1183 1787 1240 1793 —
1269 1761 1385 1805 12012.

42 1819 148 1863 Post
163 1817 368 1877 LAN(am)
387 1821 434 1862 in
451 1821 682 1874 fragmento
695 1821 914 1863 certissime
925 1822 1002 1863 hac
1011 1822 1242 1875 pertinente
1260 1836 1387 1876 appa-

41 1893 132 1923 rere
173 1890 203 1921 L
246 1879 325 1934 (ad
353 1891 518 1935 LINUM,
560 1883 608 1922 ut
641 1880 733 1932 vid„
776 1880 1071 1935 adhibendum)
1114 1882 1244 1923 denuo
1283 1882 1390 1924 vidit

41 1937 265 1982 Schoellius
294 1939 480 2005 idemque
513 1937 678 1981 Goetzio
707 1940 858 1991 visum,
890 1940 1078 1993 quamuis
1110 1941 1242 1982 tenuis
1271 1941 1330 1982 sit
1357 1952 1386 1981 L

41 1997 200 2041 litterae
228 1999 478 2052 31066163.-
512 1998 598 2040 124
646 1997 757 2040 Ante
786 2009 933 2040 DICAM
964 1998 1122 2041 litterae
1152 2010 1274 2050 Q—Q
1305 1999 1387 2041 ela-

40 2058 206 2099 rissime
235 2057 299 2100 ita
328 2060 542 2111 apparent,
572 2060 621 2098 ut
648 2061 800 2099 eertum
829 2059 886 2100 sit
913 2058 1115 2100 iudicium
1146 2059 1194 2100 de
1224 2058 1387 2101 colloca-

41 2116 150 2159 tione
177 2116 401 2159 verborum.
447 2141 503 2146 —
550 2115 646 2158 165.
687 2115 803 2159 Inter
834 2127 860 2159 c
891 2120 930 2160 et
958 2127 987 2159 o
1018 2121 1159 2159 utrum
1189 2129 1220 2159 U
1251 2131 1309 2159 an
1339 2129 1386 2158 I'r

40 2189 100 2218 an
129 2186 175 2217 m
204 2176 375 2230 fuerint,
406 2176 586 2218 dubium.
643 2174 790 2218 Potuit
816 2189 899 2219 esse
931 2187 1388 2232 οΙΕοΒΕεΝΑευΤΤΗΒ,

33 2237 132 2288 post
165 2248 269 2289 quae
307 2245 477 2276 CONIEC
514 2235 629 2288 sequi
665 2235 877 2278 coniecisse
906 2226 1048 2289 potius
1084 2249 1210 2289 quam
1247 2235 1389 2290 1691336

39 2293 201 2336 videtur
231 2292 548 2337 Studemundus.
605 2293 712 2336 Mox
741 2308 776 2337 v.
798 2295 882 2337 168
911 2294 1051 2348 fallax
1081 2298 1141 2336 est
1170 2294 1326 2337 litterae
1357 2305 1389 2336 G

39 2351 189 2395 umbra
219 2366 248 2394 a
277 2352 441 2395 Loewio
471 2356 644 2396 notatae.
677 2377 733 2383 —
772 2354 869 2396 171.
911 2354 1019 2396 Fuit
1042 2354 1220 2407 fortasse
1250 2365 1389 2396 FUAT-

573 125 846 162 PRAEFATIO
1046 103 1051 105 ”
1356 126 1391 162 v
