<?xml version="1.0" encoding="UTF-8"?>
<!DOCTYPE html PUBLIC "-//W3C//DTD XHTML 1.0 Transitional//EN"
    "http://www.w3.org/TR/xhtml1/DTD/xhtml1-transitional.dtd">
<html xmlns="http://www.w3.org/1999/xhtml" xml:lang="en" lang="en">
 <head>
  <title>
</title>
<meta http-equiv="Content-Type" content="text/html;charset=utf-8" />
  <meta name='ocr-system' content='tesseract 3.04.00' />
  <meta name='ocr-capabilities' content='ocr_page ocr_carea ocr_par ocr_line ocrx_word'/>
</head>
<body>
  <div class='ocr_page' id='page_1' title='image "./comoediae01plauuoft_0417.png"; bbox 0 0 1560 2548; ppageno 0'>
   <div class='ocr_carea' id='block_1_1' title="bbox 0 0 1413 151">
    <p class='ocr_par' dir='ltr' id='par_1_1' title="bbox 0 0 1413 151">
     <span class='ocr_line' id='line_1_1' title="bbox 0 0 262 54; baseline -0.08 -23"><span class='ocrx_word' id='word_1_1' title='bbox 0 0 229 54; x_wconf 47' lang='lat' dir='ltr'>Qva-</span> <span class='ocrx_word' id='word_1_2' title='bbox 259 4 262 10; x_wconf 79' lang='grc'><strong><em>,</em></strong></span> 
     </span>
     <span class='ocr_line' id='line_1_2' title="bbox 52 101 1413 151; baseline -0.051 2"><span class='ocrx_word' id='word_1_3' title='bbox 52 102 108 142; x_wconf 76' lang='lat' dir='ltr'>IV</span> <span class='ocrx_word' id='word_1_4' title='bbox 126 105 300 151; x_wconf 48' lang='grc' dir='ltr'>ἡμας</span> <span class='ocrx_word' id='word_1_5' title='bbox 581 101 897 138; x_wconf 64' lang='lat' dir='ltr'><strong>OISTELLARIA</strong></span> <span class='ocrx_word' id='word_1_6' title='bbox 1357 101 1413 144; x_wconf 67' lang='lat'>37</span> 
     </span>
    </p>
   </div>
   <div class='ocr_carea' id='block_1_2' title="bbox 57 199 1422 1748">
    <p class='ocr_par' dir='ltr' id='par_1_2' title="bbox 57 199 1422 1748">
     <span class='ocr_line' id='line_1_3' title="bbox 103 199 1416 257; baseline -0.002 -14"><span class='ocrx_word' id='word_1_7' title='bbox 103 223 107 227; x_wconf 72' lang='lat'>,</span> <span class='ocrx_word' id='word_1_8' title='bbox 175 199 293 255; x_wconf 78' lang='lat' dir='ltr'>Quae</span> <span class='ocrx_word' id='word_1_9' title='bbox 323 199 371 243; x_wconf 86' lang='lat' dir='ltr'>in</span> <span class='ocrx_word' id='word_1_10' title='bbox 399 200 572 257; x_wconf 73' lang='lat' dir='ltr'>tergum</span> <span class='ocrx_word' id='word_1_11' title='bbox 602 202 747 242; x_wconf 76' lang='lat' dir='ltr'>meum</span> <span class='ocrx_word' id='word_1_12' title='bbox 776 213 830 242; x_wconf 90' lang='lat' dir='ltr'>ne</span> <span class='ocrx_word' id='word_1_13' title='bbox 861 199 1038 242; x_wconf 74' lang='lat' dir='ltr'>ueniant</span> <span class='ocrx_word' id='word_1_14' title='bbox 1067 199 1179 242; x_wconf 86' lang='lat' dir='ltr'>male</span> <span class='ocrx_word' id='word_1_15' title='bbox 1210 199 1416 255; x_wconf 67' lang='lat' dir='ltr'>formido,</span> 
     </span>
     <span class='ocr_line' id='line_1_4' title="bbox 177 259 1414 315; baseline -0.001 -12"><span class='ocrx_word' id='word_1_16' title='bbox 177 259 224 304; x_wconf 83' lang='lat' dir='ltr'>Si</span> <span class='ocrx_word' id='word_1_17' title='bbox 242 274 316 303; x_wconf 81' lang='lat' dir='ltr'>era</span> <span class='ocrx_word' id='word_1_18' title='bbox 333 260 429 302; x_wconf 62' lang='lat' dir='ltr'>mea</span> <span class='ocrx_word' id='word_1_19' title='bbox 441 259 567 315; x_wconf 78' lang='lat' dir='ltr'>(me)</span> <span class='ocrx_word' id='word_1_20' title='bbox 582 260 690 302; x_wconf 73' lang='lat' dir='ltr'>sciat</span> <span class='ocrx_word' id='word_1_21' title='bbox 709 262 798 302; x_wconf 88' lang='lat' dir='ltr'>tam</span> <span class='ocrx_word' id='word_1_22' title='bbox 818 259 1039 302; x_wconf 78' lang='lat' dir='ltr'>socordem</span> <span class='ocrx_word' id='word_1_23' title='bbox 1059 273 1148 301; x_wconf 90' lang='lat' dir='ltr'>esse</span> <span class='ocrx_word' id='word_1_24' title='bbox 1164 260 1294 315; x_wconf 73' lang='lat' dir='ltr'>quam</span> <span class='ocrx_word' id='word_1_25' title='bbox 1308 274 1414 302; x_wconf 89' lang='lat' dir='ltr'>sum.</span> 
     </span>
     <span class='ocr_line' id='line_1_5' title="bbox 57 318 1417 375; baseline -0.001 -12"><span class='ocrx_word' id='word_1_26' title='bbox 57 318 250 372; x_wconf 83' lang='lat' dir='ltr'><strong>Quamne</strong></span> <span class='ocrx_word' id='word_1_27' title='bbox 280 319 328 362; x_wconf 80' lang='lat' dir='ltr'>l‘n</span> <span class='ocrx_word' id='word_1_28' title='bbox 357 319 556 362; x_wconf 88' lang='lat' dir='ltr'>manibus</span> <span class='ocrx_word' id='word_1_29' title='bbox 587 319 708 361; x_wconf 86' lang='lat' dir='ltr'>tenui</span> <span class='ocrx_word' id='word_1_30' title='bbox 739 320 868 374; x_wconf 76' lang='lat' dir='ltr'>atque</span> <span class='ocrx_word' id='word_1_31' title='bbox 900 319 1042 375; x_wconf 89' lang='lat' dir='ltr'>accepi</span> <span class='ocrx_word' id='word_1_32' title='bbox 1073 318 1145 361; x_wconf 89' lang='lat' dir='ltr'>hic</span> <span class='ocrx_word' id='word_1_33' title='bbox 1170 320 1269 361; x_wconf 71' lang='lat' dir='ltr'>ante</span> <span class='ocrx_word' id='word_1_34' title='bbox 1301 319 1417 361; x_wconf 82' lang='lat' dir='ltr'>aedis</span> 
     </span>
     <span class='ocr_line' id='line_1_6' title="bbox 915 379 1415 435; baseline 0.004 -15"><span class='ocrx_word' id='word_1_35' title='bbox 915 379 1143 435; x_wconf 71' lang='lat' dir='ltr'>cistellam,</span> <span class='ocrx_word' id='word_1_36' title='bbox 1347 389 1415 422; x_wconf 82' lang='lat'>675</span> 
     </span>
     <span class='ocr_line' id='line_1_7' title="bbox 175 438 1041 495; baseline -0.002 -13"><span class='ocrx_word' id='word_1_37' title='bbox 175 438 265 482; x_wconf 85' lang='lat' dir='ltr'>Vbi</span> <span class='ocrx_word' id='word_1_38' title='bbox 295 453 346 481; x_wconf 83' lang='lat' dir='ltr'>ea</span> <span class='ocrx_word' id='word_1_39' title='bbox 375 439 434 481; x_wconf 89' lang='lat' dir='ltr'>sit</span> <span class='ocrx_word' id='word_1_40' title='bbox 462 439 624 494; x_wconf 88' lang='lat' dir='ltr'>nescio,</span> <span class='ocrx_word' id='word_1_41' title='bbox 655 438 757 494; x_wconf 85' lang='lat' dir='ltr'>m&#39;si,</span> <span class='ocrx_word' id='word_1_42' title='bbox 789 441 838 480; x_wconf 87' lang='lat' dir='ltr'>ut</span> <span class='ocrx_word' id='word_1_43' title='bbox 870 438 1041 495; x_wconf 82' lang='lat' dir='ltr'>opinor,</span> 
     </span>
     <span class='ocr_line' id='line_1_8' title="bbox 175 497 968 541; baseline -0.001 0"><span class='ocrx_word' id='word_1_44' title='bbox 175 498 292 541; x_wconf 85' lang='lat' dir='ltr'>Loca</span> <span class='ocrx_word' id='word_1_45' title='bbox 320 498 425 541; x_wconf 87' lang='lat' dir='ltr'>haec</span> <span class='ocrx_word' id='word_1_46' title='bbox 457 498 627 541; x_wconf 76' lang='lat' dir='ltr'><strong>circiter</strong></span> <span class='ocrx_word' id='word_1_47' title='bbox 658 498 818 540; x_wconf 79' lang='lat' dir='ltr'>excidit</span> <span class='ocrx_word' id='word_1_48' title='bbox 849 497 968 540; x_wconf 90' lang='lat' dir='ltr'>mihi.</span> 
     </span>
     <span class='ocr_line' id='line_1_9' title="bbox 57 557 1418 615; baseline -0.001 -15"><span class='ocrx_word' id='word_1_49' title='bbox 57 557 120 600; x_wconf 88' lang='lat' dir='ltr'>Mi</span> <span class='ocrx_word' id='word_1_50' title='bbox 145 557 354 615; x_wconf 68' lang='lat' dir='ltr'>homines,</span> <span class='ocrx_word' id='word_1_51' title='bbox 373 558 434 600; x_wconf 81' lang='lat' dir='ltr'>mi</span> <span class='ocrx_word' id='word_1_52' title='bbox 453 559 726 614; x_wconf 76' lang='lat' dir='ltr'>spectatores,</span> <span class='ocrx_word' id='word_1_53' title='bbox 751 558 880 600; x_wconf 84' lang='lat' dir='ltr'>facite</span> <span class='ocrx_word' id='word_1_54' title='bbox 900 557 1120 613; x_wconf 70' lang='lat' dir='ltr'>indicium,</span> <span class='ocrx_word' id='word_1_55' title='bbox 1139 557 1274 613; x_wconf 88' lang='lat' dir='ltr'>siquis</span> <span class='ocrx_word' id='word_1_56' title='bbox 1294 557 1418 614; x_wconf 74' lang='lat' dir='ltr'>uidit,</span> 
     </span>
     <span class='ocr_line' id='line_1_10' title="bbox 59 617 1419 674; baseline -0.001 -14"><span class='ocrx_word' id='word_1_57' title='bbox 59 617 256 674; x_wconf 78' lang='lat' dir='ltr'>[Si]Quis</span> <span class='ocrx_word' id='word_1_58' title='bbox 287 618 381 660; x_wconf 84' lang='lat' dir='ltr'>eam</span> <span class='ocrx_word' id='word_1_59' title='bbox 413 617 658 674; x_wconf 76' lang='lat' dir='ltr'>abstulerit,</span> <span class='ocrx_word' id='word_1_60' title='bbox 691 617 881 673; x_wconf 90' lang='lat' dir='ltr'>quis[ue]</span> <span class='ocrx_word' id='word_1_61' title='bbox 923 617 1166 674; x_wconf 77' lang='lat' dir='ltr'>sustulerit,</span> <span class='ocrx_word' id='word_1_62' title='bbox 1198 619 1241 659; x_wconf 84' lang='lat' dir='ltr'>et</span> <span class='ocrx_word' id='word_1_63' title='bbox 1270 619 1419 659; x_wconf 84' lang='lat' dir='ltr'>utrum</span> 
     </span>
     <span class='ocr_line' id='line_1_11' title="bbox 761 677 1417 719; baseline 0 0"><span class='ocrx_word' id='word_1_64' title='bbox 761 677 841 719; x_wconf 74' lang='lat' dir='ltr'>hac</span> <span class='ocrx_word' id='word_1_65' title='bbox 873 692 928 719; x_wconf 88' lang='lat' dir='ltr'>an</span> <span class='ocrx_word' id='word_1_66' title='bbox 958 677 1057 719; x_wconf 87' lang='lat' dir='ltr'>illac</span> <span class='ocrx_word' id='word_1_67' title='bbox 1086 677 1168 719; x_wconf 87' lang='lat' dir='ltr'>iter</span> <span class='ocrx_word' id='word_1_68' title='bbox 1199 677 1417 719; x_wconf 74' lang='lat' dir='ltr'>institerit.</span> 
     </span>
     <span class='ocr_line' id='line_1_12' title="bbox 176 736 1419 794; baseline -0.002 -14"><span class='ocrx_word' id='word_1_69' title='bbox 176 736 279 780; x_wconf 85' lang='lat' dir='ltr'>Non</span> <span class='ocrx_word' id='word_1_70' title='bbox 303 740 398 780; x_wconf 74' lang='lat' dir='ltr'>slim</span> <span class='ocrx_word' id='word_1_71' title='bbox 418 737 578 794; x_wconf 72' lang='lat' dir='ltr'>scitior,</span> <span class='ocrx_word' id='word_1_72' title='bbox 604 752 712 793; x_wconf 89' lang='lat' dir='ltr'>quae</span> <span class='ocrx_word' id='word_1_73' title='bbox 737 737 817 779; x_wconf 87' lang='lat' dir='ltr'>hos</span> <span class='ocrx_word' id='word_1_74' title='bbox 836 752 985 794; x_wconf 85' lang='lat' dir='ltr'>rogem</span> <span class='ocrx_word' id='word_1_75' title='bbox 1006 739 1080 778; x_wconf 80' lang='lat' dir='ltr'>aut</span> <span class='ocrx_word' id='word_1_76' title='bbox 1100 752 1208 792; x_wconf 88' lang='lat' dir='ltr'>quae</span> <span class='ocrx_word' id='word_1_77' title='bbox 1227 737 1419 793; x_wconf 74' lang='lat' dir='ltr'>fatigem,</span> 
     </span>
     <span class='ocr_line' id='line_1_13' title="bbox 179 795 1416 853; baseline 0 -14"><span class='ocrx_word' id='word_1_78' title='bbox 179 795 263 848; x_wconf 88' lang='lat' dir='ltr'>Qui</span> <span class='ocrx_word' id='word_1_79' title='bbox 295 798 464 853; x_wconf 68' lang='lat' dir='ltr'>semper</span> <span class='ocrx_word' id='word_1_80' title='bbox 493 797 608 839; x_wconf 75' lang='lat' dir='ltr'>malo</span> <span class='ocrx_word' id='word_1_81' title='bbox 639 797 847 839; x_wconf 73' lang='lat' dir='ltr'>muliebri</span> <span class='ocrx_word' id='word_1_82' title='bbox 874 799 975 839; x_wconf 87' lang='lat' dir='ltr'>sunt</span> <span class='ocrx_word' id='word_1_83' title='bbox 1005 796 1213 839; x_wconf 73' lang='lat' dir='ltr'>lubentes,</span> <span class='ocrx_word' id='word_1_84' title='bbox 1348 807 1416 840; x_wconf 85' lang='lat'>681</span> 
     </span>
     <span class='ocr_line' id='line_1_14' title="bbox 178 855 1177 914; baseline -0.001 -15"><span class='ocrx_word' id='word_1_85' title='bbox 178 855 307 899; x_wconf 82' lang='lat' dir='ltr'>Nunc</span> <span class='ocrx_word' id='word_1_86' title='bbox 338 857 523 914; x_wconf 75' lang='lat' dir='ltr'>uestigia</span> <span class='ocrx_word' id='word_1_87' title='bbox 553 856 625 899; x_wconf 76' lang='lat' dir='ltr'>hic</span> <span class='ocrx_word' id='word_1_88' title='bbox 656 857 780 912; x_wconf 88' lang='lat' dir='ltr'>siqua</span> <span class='ocrx_word' id='word_1_89' title='bbox 811 859 911 899; x_wconf 78' lang='lat' dir='ltr'>sunt</span> <span class='ocrx_word' id='word_1_90' title='bbox 941 856 1177 899; x_wconf 73' lang='lat' dir='ltr'>noscitabo.</span> 
     </span>
     <span class='ocr_line' id='line_1_15' title="bbox 178 915 1420 972; baseline -0.002 -13"><span class='ocrx_word' id='word_1_91' title='bbox 178 915 294 959; x_wconf 87' lang='lat' dir='ltr'>Nam</span> <span class='ocrx_word' id='word_1_92' title='bbox 319 916 361 959; x_wconf 75' lang='lat' dir='ltr'><strong>ss</strong></span> <span class='ocrx_word' id='word_1_93' title='bbox 381 917 532 959; x_wconf 81' lang='lat' dir='ltr'>†nemo</span> <span class='ocrx_word' id='word_1_94' title='bbox 557 916 638 958; x_wconf 89' lang='lat' dir='ltr'>hac</span> <span class='ocrx_word' id='word_1_95' title='bbox 662 916 896 972; x_wconf 85' lang='lat' dir='ltr'>praeteriit,</span> <span class='ocrx_word' id='word_1_96' title='bbox 922 919 1152 972; x_wconf 73' lang='lat' dir='ltr'>postquam</span> <span class='ocrx_word' id='word_1_97' title='bbox 1178 916 1292 958; x_wconf 87' lang='lat' dir='ltr'>intro</span> <span class='ocrx_word' id='word_1_98' title='bbox 1320 915 1420 972; x_wconf 91' lang='lat' dir='ltr'>abii,</span> 
     </span>
     <span class='ocr_line' id='line_1_16' title="bbox 184 974 1377 1032; baseline -0.001 -14"><span class='ocrx_word' id='word_1_99' title='bbox 184 974 361 1018; x_wconf 74' lang='lat' dir='ltr'>Cistella</span> <span class='ocrx_word' id='word_1_100' title='bbox 390 975 462 1018; x_wconf 86' lang='lat' dir='ltr'>hio</span> <span class='ocrx_word' id='word_1_101' title='bbox 493 977 661 1019; x_wconf 73' lang='lat' dir='ltr'>iaceret.</span> <span class='ocrx_word' id='word_1_102' title='bbox 725 976 829 1032; x_wconf 91' lang='lat' dir='ltr'>quid</span> <span class='ocrx_word' id='word_1_103' title='bbox 860 976 960 1018; x_wconf 80' lang='lat' dir='ltr'>hsc‘?</span> <span class='ocrx_word' id='word_1_104' title='bbox 992 975 1180 1031; x_wconf 84' lang='lat' dir='ltr'>perii[t],</span> <span class='ocrx_word' id='word_1_105' title='bbox 1212 975 1377 1031; x_wconf 69' lang='lat' dir='ltr'>opinor.</span> 
     </span>
     <span class='ocr_line' id='line_1_17' title="bbox 128 1033 1418 1092; baseline -0.002 -13"><span class='ocrx_word' id='word_1_106' title='bbox 128 1074 148 1081; x_wconf 74' lang='grc'>,,</span> <span class='ocrx_word' id='word_1_107' title='bbox 181 1033 401 1092; x_wconf 74' lang='lat' dir='ltr'>Actumst,</span> <span class='ocrx_word' id='word_1_108' title='bbox 432 1036 560 1078; x_wconf 73' lang='lat' dir='ltr'>ilicet.</span> <span class='ocrx_word' id='word_1_109' title='bbox 586 1063 588 1066; x_wconf 59' lang='lat'>&gt;</span> <span class='ocrx_word' id='word_1_110' title='bbox 623 1051 691 1078; x_wconf 93' lang='lat' dir='ltr'>me</span> <span class='ocrx_word' id='word_1_111' title='bbox 723 1035 939 1078; x_wconf 69' lang='lat' dir='ltr'>infelicem</span> <span class='ocrx_word' id='word_1_112' title='bbox 971 1039 1014 1077; x_wconf 91' lang='lat' dir='ltr'>et</span> <span class='ocrx_word' id='word_1_113' title='bbox 1045 1036 1278 1078; x_wconf 73' lang='lat' dir='ltr'>scelestam.</span> <span class='ocrx_word' id='word_1_114' title='bbox 1351 1046 1418 1079; x_wconf 77' lang='lat'>685</span> 
     </span>
     <span class='ocr_line' id='line_1_18' title="bbox 179 1094 1420 1153; baseline -0.002 -15"><span class='ocrx_word' id='word_1_115' title='bbox 179 1094 354 1138; x_wconf 72' lang='lat' dir='ltr'>Nullast</span> <span class='ocrx_word' id='word_1_116' title='bbox 366 1110 505 1151; x_wconf 88' lang='lat' dir='ltr'>neque</span> <span class='ocrx_word' id='word_1_117' title='bbox 519 1110 599 1153; x_wconf 90' lang='lat' dir='ltr'>ego</span> <span class='ocrx_word' id='word_1_118' title='bbox 613 1111 708 1138; x_wconf 91' lang='lat' dir='ltr'>sum</span> <span class='ocrx_word' id='word_1_119' title='bbox 722 1099 914 1151; x_wconf 78' lang='lat' dir='ltr'>usquam.</span> <span class='ocrx_word' id='word_1_120' title='bbox 947 1095 1115 1151; x_wconf 65' lang='lat' dir='ltr'>perdita</span> <span class='ocrx_word' id='word_1_121' title='bbox 1134 1094 1322 1150; x_wconf 69' lang='lat' dir='ltr'>perdidit</span> <span class='ocrx_word' id='word_1_122' title='bbox 1340 1109 1420 1136; x_wconf 89' lang='lat' dir='ltr'>me.</span> 
     </span>
     <span class='ocr_line' id='line_1_19' title="bbox 182 1153 1196 1212; baseline -0.001 -15"><span class='ocrx_word' id='word_1_123' title='bbox 182 1153 267 1197; x_wconf 84' lang='lat' dir='ltr'>Sed</span> <span class='ocrx_word' id='word_1_124' title='bbox 296 1156 473 1212; x_wconf 67' lang='lat' dir='ltr'>pergam</span> <span class='ocrx_word' id='word_1_125' title='bbox 504 1158 554 1198; x_wconf 85' lang='lat' dir='ltr'>ut</span> <span class='ocrx_word' id='word_1_126' title='bbox 585 1155 724 1211; x_wconf 76' lang='lat' dir='ltr'>coepi:</span> <span class='ocrx_word' id='word_1_127' title='bbox 756 1157 901 1197; x_wconf 75' lang='lat' dir='ltr'>tamen</span> <span class='ocrx_word' id='word_1_128' title='bbox 933 1155 1196 1210; x_wconf 73' lang='lat' dir='ltr'>quaeritabo.</span> 
     </span>
     <span class='ocr_line' id='line_1_20' title="bbox 62 1213 1421 1271; baseline 0 -15"><span class='ocrx_word' id='word_1_129' title='bbox 62 1213 177 1256; x_wconf 85' lang='lat' dir='ltr'>Nam</span> <span class='ocrx_word' id='word_1_130' title='bbox 209 1216 252 1256; x_wconf 88' lang='lat' dir='ltr'>et</span> <span class='ocrx_word' id='word_1_131' title='bbox 283 1215 399 1257; x_wconf 79' lang='lat' dir='ltr'>intus</span> <span class='ocrx_word' id='word_1_132' title='bbox 430 1230 567 1271; x_wconf 87' lang='lat' dir='ltr'>paueo</span> <span class='ocrx_word' id='word_1_133' title='bbox 600 1218 642 1257; x_wconf 91' lang='lat' dir='ltr'>et</span> <span class='ocrx_word' id='word_1_134' title='bbox 674 1215 779 1257; x_wconf 87' lang='lat' dir='ltr'>foris</span> <span class='ocrx_word' id='word_1_135' title='bbox 811 1215 1015 1257; x_wconf 77' lang='lat' dir='ltr'>formido:</span> <span class='ocrx_word' id='word_1_136' title='bbox 1054 1215 1115 1256; x_wconf 85' lang='lat' dir='ltr'>ita</span> <span class='ocrx_word' id='word_1_137' title='bbox 1151 1217 1265 1256; x_wconf 85' lang='lat' dir='ltr'>minc</span> <span class='ocrx_word' id='word_1_138' title='bbox 1302 1217 1421 1256; x_wconf 86' lang='lat' dir='ltr'>utru-</span> 
     </span>
     <span class='ocr_line' id='line_1_21' title="bbox 774 1274 1354 1331; baseline 0 -15"><span class='ocrx_word' id='word_1_139' title='bbox 774 1275 904 1330; x_wconf 90' lang='lat' dir='ltr'>bique</span> <span class='ocrx_word' id='word_1_140' title='bbox 936 1277 1075 1316; x_wconf 78' lang='lat' dir='ltr'>metus</span> <span class='ocrx_word' id='word_1_141' title='bbox 1107 1289 1174 1319; x_wconf 88' lang='lat' dir='ltr'>me</span> <span class='ocrx_word' id='word_1_142' title='bbox 1207 1274 1354 1331; x_wconf 85' lang='lat' dir='ltr'>agitat.</span> 
     </span>
     <span class='ocr_line' id='line_1_22' title="bbox 242 1332 1075 1377; baseline 0 -2"><span class='ocrx_word' id='word_1_143' title='bbox 242 1332 349 1376; x_wconf 87' lang='lat' dir='ltr'>†Illo</span> <span class='ocrx_word' id='word_1_144' title='bbox 381 1336 483 1377; x_wconf 75' lang='lat' dir='ltr'>sunt</span> <span class='ocrx_word' id='word_1_145' title='bbox 513 1334 702 1377; x_wconf 86' lang='lat' dir='ltr'>hominis</span> <span class='ocrx_word' id='word_1_146' title='bbox 733 1335 886 1376; x_wconf 75' lang='lat' dir='ltr'>misere</span> <span class='ocrx_word' id='word_1_147' title='bbox 919 1334 1075 1376; x_wconf 88' lang='lat' dir='ltr'>miseri.</span> 
     </span>
     <span class='ocr_line' id='line_1_23' title="bbox 64 1381 1421 1450; baseline 0.001 -16"><span class='ocrx_word' id='word_1_148' title='bbox 64 1381 143 1434; x_wconf 80' lang='lat' dir='ltr'>ssle</span> <span class='ocrx_word' id='word_1_149' title='bbox 173 1407 288 1435; x_wconf 86' lang='lat' dir='ltr'>nunc</span> <span class='ocrx_word' id='word_1_150' title='bbox 317 1393 455 1436; x_wconf 75' lang='lat' dir='ltr'>laetus</span> <span class='ocrx_word' id='word_1_151' title='bbox 487 1397 562 1450; x_wconf 87' lang='lat' dir='ltr'>est,</span> <span class='ocrx_word' id='word_1_152' title='bbox 595 1394 790 1450; x_wconf 70' lang='lat' dir='ltr'>quisquis</span> <span class='ocrx_word' id='word_1_153' title='bbox 822 1396 886 1435; x_wconf 85' lang='lat' dir='ltr'>est</span> <span class='ocrx_word' id='word_1_154' title='bbox 918 1394 992 1449; x_wconf 91' lang='lat' dir='ltr'>qui</span> <span class='ocrx_word' id='word_1_155' title='bbox 1017 1393 1139 1435; x_wconf 90' lang='lat' dir='ltr'>sslam</span> <span class='ocrx_word' id='word_1_156' title='bbox 1164 1393 1313 1435; x_wconf 87' lang='lat' dir='ltr'>habet:</span> <span class='ocrx_word' id='word_1_157' title='bbox 1353 1395 1421 1436; x_wconf 75' lang='lat'>696</span> 
     </span>
     <span class='ocr_line' id='line_1_24' title="bbox 66 1450 1422 1510; baseline -0.001 -16"><span class='ocrx_word' id='word_1_158' title='bbox 66 1450 184 1502; x_wconf 86' lang='lat' dir='ltr'>Quae</span> <span class='ocrx_word' id='word_1_159' title='bbox 208 1467 347 1508; x_wconf 91' lang='lat' dir='ltr'>neque</span> <span class='ocrx_word' id='word_1_160' title='bbox 374 1453 487 1510; x_wconf 90' lang='lat' dir='ltr'>[illa]</span> <span class='ocrx_word' id='word_1_161' title='bbox 514 1454 579 1496; x_wconf 91' lang='lat' dir='ltr'>illi</span> <span class='ocrx_word' id='word_1_162' title='bbox 606 1454 836 1509; x_wconf 84' lang='lat' dir='ltr'>quicquam</span> <span class='ocrx_word' id='word_1_163' title='bbox 862 1453 1001 1495; x_wconf 87' lang='lat' dir='ltr'>usuist</span> <span class='ocrx_word' id='word_1_164' title='bbox 1020 1453 1121 1509; x_wconf 87' lang='lat' dir='ltr'>&lt;et&gt;</span> <span class='ocrx_word' id='word_1_165' title='bbox 1147 1454 1207 1495; x_wconf 91' lang='lat' dir='ltr'>mi</span> <span class='ocrx_word' id='word_1_166' title='bbox 1234 1468 1323 1495; x_wconf 87' lang='lat' dir='ltr'>esse</span> <span class='ocrx_word' id='word_1_167' title='bbox 1351 1469 1371 1493; x_wconf 59' lang='grc' dir='ltr'>»ι</span> <span class='ocrx_word' id='word_1_168' title='bbox 1401 1469 1422 1492; x_wconf 77' lang='lat'><em>*</em></span> 
     </span>
     <span class='ocr_line' id='line_1_25' title="bbox 920 1515 1074 1568; baseline 0 -13"><span class='ocrx_word' id='word_1_169' title='bbox 920 1515 1074 1568; x_wconf 82' lang='lat' dir='ltr'>potest.</span> 
     </span>
     <span class='ocr_line' id='line_1_26' title="bbox 125 1569 1150 1629; baseline 0.001 -16"><span class='ocrx_word' id='word_1_170' title='bbox 125 1569 210 1613; x_wconf 72' lang='lat' dir='ltr'>Sed</span> <span class='ocrx_word' id='word_1_171' title='bbox 239 1574 398 1614; x_wconf 84' lang='lat' dir='ltr'>memet</span> <span class='ocrx_word' id='word_1_172' title='bbox 428 1574 585 1628; x_wconf 78' lang='lat' dir='ltr'>moror,</span> <span class='ocrx_word' id='word_1_173' title='bbox 618 1588 749 1628; x_wconf 89' lang='lat' dir='ltr'>quom</span> <span class='ocrx_word' id='word_1_174' title='bbox 780 1572 862 1614; x_wconf 87' lang='lat' dir='ltr'>h6c</span> <span class='ocrx_word' id='word_1_175' title='bbox 894 1587 975 1629; x_wconf 89' lang='lat' dir='ltr'>ago</span> <span class='ocrx_word' id='word_1_176' title='bbox 1007 1573 1150 1615; x_wconf 80' lang='lat' dir='ltr'>setius.</span> 
     </span>
     <span class='ocr_line' id='line_1_27' title="bbox 64 1629 1229 1689; baseline 0.002 -17"><span class='ocrx_word' id='word_1_177' title='bbox 64 1629 257 1686; x_wconf 80' lang='lat' dir='ltr'>Halisca,</span> <span class='ocrx_word' id='word_1_178' title='bbox 287 1630 370 1673; x_wconf 92' lang='lat' dir='ltr'>hoc</span> <span class='ocrx_word' id='word_1_179' title='bbox 401 1646 492 1688; x_wconf 90' lang='lat' dir='ltr'>age,</span> <span class='ocrx_word' id='word_1_180' title='bbox 523 1633 576 1674; x_wconf 88' lang='lat' dir='ltr'>ad</span> <span class='ocrx_word' id='word_1_181' title='bbox 608 1635 767 1674; x_wconf 82' lang='lat' dir='ltr'>terram</span> <span class='ocrx_word' id='word_1_182' title='bbox 800 1632 939 1687; x_wconf 83' lang='lat' dir='ltr'>aspice</span> <span class='ocrx_word' id='word_1_183' title='bbox 971 1635 1013 1674; x_wconf 88' lang='lat' dir='ltr'>et</span> <span class='ocrx_word' id='word_1_184' title='bbox 1045 1633 1229 1689; x_wconf 80' lang='lat' dir='ltr'>despice,</span> 
     </span>
     <span class='ocr_line' id='line_1_28' title="bbox 126 1680 955 1748; baseline 0.002 -17"><span class='ocrx_word' id='word_1_185' title='bbox 126 1680 274 1732; x_wconf 82' lang='lat' dir='ltr'>Oculis</span> <span class='ocrx_word' id='word_1_186' title='bbox 305 1690 351 1732; x_wconf 90' lang='lat' dir='ltr'>in</span> <span class='ocrx_word' id='word_1_187' title='bbox 381 1691 578 1748; x_wconf 71' lang='lat' dir='ltr'>uestigiis</span> <span class='ocrx_word' id='word_1_188' title='bbox 610 1692 750 1733; x_wconf 72' lang='lat' dir='ltr'>astute</span> <span class='ocrx_word' id='word_1_189' title='bbox 782 1692 955 1748; x_wconf 70' lang='lat' dir='ltr'>augura.</span> 
     </span>
    </p>
   </div>
   <div class='ocr_carea' id='block_1_3' title="bbox 64 1779 217 1784">
    <p class='ocr_par' dir='ltr' id='par_1_3' title="bbox 64 1779 217 1784">
     <span class='ocr_line' id='line_1_29' title="bbox 64 1779 217 1784; baseline 0 0"><span class='ocrx_word' id='word_1_190' title='bbox 64 1779 217 1784; x_wconf 95' lang='lat' dir='ltr'> </span> 
     </span>
    </p>
   </div>
   <div class='ocr_carea' id='block_1_4' title="bbox 55 1830 1425 2404">
    <p class='ocr_par' dir='ltr' id='par_1_4' title="bbox 55 1830 1425 2404">
     <span class='ocr_line' id='line_1_30' title="bbox 161 1830 1425 1879; baseline 0.002 -12"><span class='ocrx_word' id='word_1_191' title='bbox 161 1835 241 1867; x_wconf 80' lang='lat'>673.</span> <span class='ocrx_word' id='word_1_192' title='bbox 268 1830 457 1877; x_wconf 87' lang='lat' dir='ltr'>intergum</span> <span class='ocrx_word' id='word_1_193' title='bbox 482 1833 536 1868; x_wconf 84' lang='lat' dir='ltr'>vel</span> <span class='ocrx_word' id='word_1_194' title='bbox 561 1831 750 1878; x_wconf 87' lang='lat' dir='ltr'>integrum</span> <span class='ocrx_word' id='word_1_195' title='bbox 771 1834 776 1878; x_wconf 95' lang='grc' dir='ltr'>Ι</span> <span class='ocrx_word' id='word_1_196' title='bbox 799 1832 977 1869; x_wconf 84' lang='lat' dir='ltr'>formida:</span> <span class='ocrx_word' id='word_1_197' title='bbox 1003 1844 1084 1873; x_wconf 78' lang='lat' dir='ltr'>corr</span> <span class='ocrx_word' id='word_1_198' title='bbox 1103 1833 1197 1869; x_wconf 83' lang='lat' dir='ltr'>B²J</span> <span class='ocrx_word' id='word_1_199' title='bbox 1210 1835 1222 1879; x_wconf 93' lang='grc' dir='ltr'>ΙΙ</span> <span class='ocrx_word' id='word_1_200' title='bbox 1242 1837 1320 1869; x_wconf 83' lang='grc'>674.</span> <span class='ocrx_word' id='word_1_201' title='bbox 1348 1834 1425 1870; x_wconf 78' lang='lat' dir='ltr'>add</span> 
     </span>
     <span class='ocr_line' id='line_1_31' title="bbox 65 1878 1423 1926; baseline 0.001 -12"><span class='ocrx_word' id='word_1_202' title='bbox 65 1878 158 1915; x_wconf 80' lang='lat' dir='ltr'>Mue</span> <span class='ocrx_word' id='word_1_203' title='bbox 182 1880 194 1925; x_wconf 93' lang='grc' dir='ltr'>ΙΙ</span> <span class='ocrx_word' id='word_1_204' title='bbox 221 1882 288 1914; x_wconf 83' lang='grc'>675</span> <span class='ocrx_word' id='word_1_205' title='bbox 298 1891 351 1924; x_wconf 88' lang='lat' dir='ltr'>sq.</span> <span class='ocrx_word' id='word_1_206' title='bbox 365 1891 464 1915; x_wconf 79' lang='lat' dir='ltr'>wnus</span> <span class='ocrx_word' id='word_1_207' title='bbox 487 1891 519 1915; x_wconf 79' lang='lat' dir='ltr'>v.</span> <span class='ocrx_word' id='word_1_208' title='bbox 547 1884 597 1915; x_wconf 78' lang='lat' dir='ltr'>est</span> <span class='ocrx_word' id='word_1_209' title='bbox 619 1882 624 1925; x_wconf 99' lang='grc' dir='ltr'>Ι</span> <span class='ocrx_word' id='word_1_210' title='bbox 646 1879 770 1915; x_wconf 88' lang='lat' dir='ltr'>tenuit</span> <span class='ocrx_word' id='word_1_211' title='bbox 795 1882 909 1925; x_wconf 89' lang='lat' dir='ltr'>atque</span> <span class='ocrx_word' id='word_1_212' title='bbox 935 1881 1098 1926; x_wconf 83' lang='lat' dir='ltr'>accepit:</span> <span class='ocrx_word' id='word_1_213' title='bbox 1125 1892 1206 1917; x_wconf 84' lang='lat' dir='ltr'>corr</span> <span class='ocrx_word' id='word_1_214' title='bbox 1231 1881 1286 1916; x_wconf 83' lang='lat' dir='ltr'>B²</span> <span class='ocrx_word' id='word_1_215' title='bbox 1309 1883 1312 1925; x_wconf 95' lang='grc' dir='ltr'>Ι</span> <span class='ocrx_word' id='word_1_216' title='bbox 1336 1880 1423 1915; x_wconf 89' lang='lat' dir='ltr'>hinc</span> 
     </span>
     <span class='ocr_line' id='line_1_32' title="bbox 63 1925 1424 1994; baseline 0.001 -31"><span class='ocrx_word' id='word_1_217' title='bbox 63 1927 119 1963; x_wconf 84' lang='lat' dir='ltr'>vel</span> <span class='ocrx_word' id='word_1_218' title='bbox 143 1925 205 1962; x_wconf 82' lang='lat' dir='ltr'>hic</span> <span class='ocrx_word' id='word_1_219' title='bbox 224 1928 237 1973; x_wconf 94' lang='grc' dir='ltr'>ΙΙ</span> <span class='ocrx_word' id='word_1_220' title='bbox 255 1930 325 1962; x_wconf 81' lang='grc'>676</span> <span class='ocrx_word' id='word_1_221' title='bbox 340 1938 393 1972; x_wconf 89' lang='lat' dir='ltr'>sq.</span> <span class='ocrx_word' id='word_1_222' title='bbox 420 1928 465 1971; x_wconf 81' lang='lat' dir='ltr'>cf.</span> <span class='ocrx_word' id='word_1_223' title='bbox 487 1929 537 1963; x_wconf 85' lang='lat' dir='ltr'>ad</span> <span class='ocrx_word' id='word_1_224' title='bbox 554 1939 585 1964; x_wconf 82' lang='lat' dir='ltr'>v.</span> <span class='ocrx_word' id='word_1_225' title='bbox 608 1930 734 1994; x_wconf 54' lang='lat' dir='ltr'>14sgq.</span> <span class='ocrx_word' id='word_1_226' title='bbox 754 1929 765 1974; x_wconf 93' lang='grc' dir='ltr'>ΙΙ</span> <span class='ocrx_word' id='word_1_227' title='bbox 785 1931 864 1964; x_wconf 82' lang='grc'><strong>677.</strong></span> <span class='ocrx_word' id='word_1_228' title='bbox 893 1939 958 1964; x_wconf 85' lang='lat' dir='ltr'>aec</span> <span class='ocrx_word' id='word_1_229' title='bbox 977 1930 1032 1965; x_wconf 83' lang='lat' dir='ltr'>vel</span> <span class='ocrx_word' id='word_1_230' title='bbox 1050 1929 1145 1964; x_wconf 83' lang='lat' dir='ltr'>haec</span> <span class='ocrx_word' id='word_1_231' title='bbox 1163 1939 1165 1961; x_wconf 78' lang='grc' dir='ltr'>ι</span> <span class='ocrx_word' id='word_1_232' title='bbox 1183 1927 1351 1963; x_wconf 81' lang='lat' dir='ltr'>excindit</span> <span class='ocrx_word' id='word_1_233' title='bbox 1368 1929 1424 1964; x_wconf 84' lang='lat' dir='ltr'>vel</span> 
     </span>
     <span class='ocr_line' id='line_1_33' title="bbox 65 1973 1420 2023; baseline 0.001 -14"><span class='ocrx_word' id='word_1_234' title='bbox 65 1973 206 2010; x_wconf 75' lang='lat' dir='ltr'>excidit</span> <span class='ocrx_word' id='word_1_235' title='bbox 224 1975 236 2021; x_wconf 91' lang='grc' dir='ltr'>ΙΙ</span> <span class='ocrx_word' id='word_1_236' title='bbox 255 1978 334 2010; x_wconf 81' lang='grc'>678.</span> <span class='ocrx_word' id='word_1_237' title='bbox 363 1974 505 2019; x_wconf 82' lang='lat' dir='ltr'>siquid:</span> <span class='ocrx_word' id='word_1_238' title='bbox 537 1987 619 2011; x_wconf 77' lang='lat' dir='ltr'>corr</span> <span class='ocrx_word' id='word_1_239' title='bbox 637 1975 673 2010; x_wconf 88' lang='grc' dir='ltr'><strong><em>Β</em></strong></span> <span class='ocrx_word' id='word_1_240' title='bbox 699 1976 730 2011; x_wconf 89' lang='lat' dir='ltr'><em>J</em></span> <span class='ocrx_word' id='word_1_241' title='bbox 746 1976 751 2023; x_wconf 91' lang='grc' dir='ltr'>Ι</span> <span class='ocrx_word' id='word_1_242' title='bbox 773 1975 895 2012; x_wconf 86' lang='lat' dir='ltr'>uidet:</span> <span class='ocrx_word' id='word_1_243' title='bbox 927 1987 1008 2012; x_wconf 81' lang='lat' dir='ltr'>corr</span> <span class='ocrx_word' id='word_1_244' title='bbox 1033 1976 1090 2012; x_wconf 75' lang='lat' dir='ltr'>B²</span> <span class='ocrx_word' id='word_1_245' title='bbox 1107 1978 1118 2023; x_wconf 95' lang='grc' dir='ltr'>ΙΙ</span> <span class='ocrx_word' id='word_1_246' title='bbox 1138 1980 1217 2012; x_wconf 81' lang='lat'>679.</span> <span class='ocrx_word' id='word_1_247' title='bbox 1245 1977 1303 2012; x_wconf 83' lang='lat' dir='ltr'>del</span> <span class='ocrx_word' id='word_1_248' title='bbox 1328 1976 1387 2011; x_wconf 92' lang='lat' dir='ltr'>Bo</span> <span class='ocrx_word' id='word_1_249' title='bbox 1416 1976 1420 2018; x_wconf 90' lang='grc' dir='ltr'>Ι</span> 
     </span>
     <span class='ocr_line' id='line_1_34' title="bbox 65 2020 1399 2070; baseline 0.002 -14"><span class='ocrx_word' id='word_1_250' title='bbox 65 2020 198 2067; x_wconf 85' lang='lat' dir='ltr'>quisue</span> <span class='ocrx_word' id='word_1_251' title='bbox 222 2023 278 2058; x_wconf 85' lang='lat' dir='ltr'>vel</span> <span class='ocrx_word' id='word_1_252' title='bbox 303 2023 360 2058; x_wconf 83' lang='lat' dir='ltr'>lae</span> <span class='ocrx_word' id='word_1_253' title='bbox 381 2025 386 2067; x_wconf 93' lang='grc' dir='ltr'>Ι</span> <span class='ocrx_word' id='word_1_254' title='bbox 408 2022 507 2057; x_wconf 83' lang='lat' dir='ltr'>inter</span> <span class='ocrx_word' id='word_1_255' title='bbox 524 2024 580 2059; x_wconf 83' lang='lat' dir='ltr'>vel</span> <span class='ocrx_word' id='word_1_256' title='bbox 598 2021 638 2057; x_wconf 88' lang='lat' dir='ltr'>in</span> <span class='ocrx_word' id='word_1_257' title='bbox 657 2024 714 2059; x_wconf 86' lang='lat' dir='ltr'>te:</span> <span class='ocrx_word' id='word_1_258' title='bbox 739 2034 820 2059; x_wconf 70' lang='lat' dir='ltr'>corr</span> <span class='ocrx_word' id='word_1_259' title='bbox 838 2023 895 2059; x_wconf 77' lang='lat'>13²</span> <span class='ocrx_word' id='word_1_260' title='bbox 915 2026 920 2070; x_wconf 92' lang='grc' dir='ltr'>Ι</span> <span class='ocrx_word' id='word_1_261' title='bbox 942 2023 1119 2059; x_wconf 85' lang='lat' dir='ltr'>instuerit</span> <span class='ocrx_word' id='word_1_262' title='bbox 1137 2025 1191 2060; x_wconf 83' lang='lat' dir='ltr'>vel</span> <span class='ocrx_word' id='word_1_263' title='bbox 1216 2022 1399 2059; x_wconf 83' lang='lat' dir='ltr'>institerit</span> 
     </span>
     <span class='ocr_line' id='line_1_35' title="bbox 66 2069 1398 2117; baseline 0.002 -13"><span class='ocrx_word' id='word_1_264' title='bbox 66 2072 147 2106; x_wconf 85' lang='lat'>680.</span> <span class='ocrx_word' id='word_1_265' title='bbox 168 2069 298 2105; x_wconf 86' lang='lat' dir='ltr'>scitior</span> <span class='ocrx_word' id='word_1_266' title='bbox 317 2082 397 2106; x_wconf 80' lang='lat' dir='ltr'>cum</span> <span class='ocrx_word' id='word_1_267' title='bbox 417 2071 492 2106; x_wconf 82' lang='lat' dir='ltr'>lac:</span> <span class='ocrx_word' id='word_1_268' title='bbox 511 2071 577 2106; x_wconf 79' lang='lat' dir='ltr'>ubi</span> <span class='ocrx_word' id='word_1_269' title='bbox 587 2082 663 2106; x_wconf 87' lang='lat' dir='ltr'>non</span> <span class='ocrx_word' id='word_1_270' title='bbox 678 2081 759 2106; x_wconf 90' lang='lat' dir='ltr'>sum</span> <span class='ocrx_word' id='word_1_271' title='bbox 772 2070 828 2106; x_wconf 74' lang='grc' dir='ltr'>Β2</span> <span class='ocrx_word' id='word_1_272' title='bbox 846 2073 857 2117; x_wconf 92' lang='grc' dir='ltr'>ΙΙ</span> <span class='ocrx_word' id='word_1_273' title='bbox 877 2075 956 2108; x_wconf 86' lang='grc'><strong>681.</strong></span> <span class='ocrx_word' id='word_1_274' title='bbox 972 2071 1145 2107; x_wconf 82' lang='lat' dir='ltr'>lubentes</span> <span class='ocrx_word' id='word_1_275' title='bbox 1157 2073 1212 2108; x_wconf 81' lang='lat' dir='ltr'>vel</span> <span class='ocrx_word' id='word_1_276' title='bbox 1224 2070 1398 2106; x_wconf 85' lang='lat' dir='ltr'>iubentes</span> 
     </span>
     <span class='ocr_line' id='line_1_36' title="bbox 67 2116 1388 2166; baseline 0.002 -14"><span class='ocrx_word' id='word_1_277' title='bbox 67 2119 147 2153; x_wconf 79' lang='lat'>682.</span> <span class='ocrx_word' id='word_1_278' title='bbox 175 2116 206 2152; x_wconf 87' lang='lat' dir='ltr'>si</span> <span class='ocrx_word' id='word_1_279' title='bbox 231 2116 322 2162; x_wconf 83' lang='lat' dir='ltr'>quia</span> <span class='ocrx_word' id='word_1_280' title='bbox 346 2119 402 2154; x_wconf 83' lang='lat' dir='ltr'>vel</span> <span class='ocrx_word' id='word_1_281' title='bbox 426 2117 535 2163; x_wconf 81' lang='lat' dir='ltr'>siqua</span> <span class='ocrx_word' id='word_1_282' title='bbox 554 2120 566 2164; x_wconf 94' lang='grc' dir='ltr'>ΙΙ</span> <span class='ocrx_word' id='word_1_283' title='bbox 586 2121 664 2154; x_wconf 89' lang='lat'>683.</span> <span class='ocrx_word' id='word_1_284' title='bbox 692 2117 771 2153; x_wconf 85' lang='lat' dir='ltr'>abii</span> <span class='ocrx_word' id='word_1_285' title='bbox 795 2121 849 2155; x_wconf 81' lang='lat' dir='ltr'>vel</span> <span class='ocrx_word' id='word_1_286' title='bbox 875 2119 938 2154; x_wconf 85' lang='lat' dir='ltr'>abi</span> <span class='ocrx_word' id='word_1_287' title='bbox 957 2121 969 2165; x_wconf 92' lang='grc' dir='ltr'>ΙΙ</span> <span class='ocrx_word' id='word_1_288' title='bbox 989 2123 1068 2155; x_wconf 86' lang='grc'>684.</span> <span class='ocrx_word' id='word_1_289' title='bbox 1097 2121 1154 2155; x_wconf 84' lang='lat' dir='ltr'>del</span> <span class='ocrx_word' id='word_1_290' title='bbox 1176 2119 1388 2166; x_wconf 73' lang='lat' dir='ltr'>Spenyelius</span> 
     </span>
     <span class='ocr_line' id='line_1_37' title="bbox 66 2165 1425 2213; baseline 0 -13"><span class='ocrx_word' id='word_1_291' title='bbox 66 2167 146 2200; x_wconf 82' lang='lat'>685.</span> <span class='ocrx_word' id='word_1_292' title='bbox 172 2165 309 2200; x_wconf 86' lang='lat' dir='ltr'>Actum</span> <span class='ocrx_word' id='word_1_293' title='bbox 334 2166 402 2211; x_wconf 84' lang='lat' dir='ltr'>(vel</span> <span class='ocrx_word' id='word_1_294' title='bbox 421 2167 605 2211; x_wconf 83' lang='lat' dir='ltr'>actutum)</span> <span class='ocrx_word' id='word_1_295' title='bbox 632 2167 690 2200; x_wconf 85' lang='lat' dir='ltr'>est</span> <span class='ocrx_word' id='word_1_296' title='bbox 714 2165 819 2202; x_wconf 90' lang='lat' dir='ltr'>ilicet</span> <span class='ocrx_word' id='word_1_297' title='bbox 843 2168 911 2212; x_wconf 82' lang='lat' dir='ltr'>(vel</span> <span class='ocrx_word' id='word_1_298' title='bbox 933 2166 1014 2202; x_wconf 88' lang='lat' dir='ltr'>illic</span> <span class='ocrx_word' id='word_1_299' title='bbox 1039 2168 1090 2212; x_wconf 89' lang='lat' dir='ltr'>et)</span> <span class='ocrx_word' id='word_1_300' title='bbox 1110 2169 1122 2213; x_wconf 91' lang='grc' dir='ltr'>ΙΙ</span> <span class='ocrx_word' id='word_1_301' title='bbox 1141 2169 1221 2202; x_wconf 86' lang='grc'>688.</span> <span class='ocrx_word' id='word_1_302' title='bbox 1248 2166 1425 2204; x_wconf 82' lang='lat' dir='ltr'>utrubus-</span> 
     </span>
     <span class='ocr_line' id='line_1_38' title="bbox 66 2212 1424 2261; baseline 0.001 -14"><span class='ocrx_word' id='word_1_303' title='bbox 66 2223 139 2257; x_wconf 87' lang='lat' dir='ltr'>que</span> <span class='ocrx_word' id='word_1_304' title='bbox 169 2213 225 2249; x_wconf 85' lang='lat' dir='ltr'>vel</span> <span class='ocrx_word' id='word_1_305' title='bbox 254 2212 453 2258; x_wconf 73' lang='lat' dir='ltr'>utrobique</span> <span class='ocrx_word' id='word_1_306' title='bbox 479 2215 491 2259; x_wconf 92' lang='grc' dir='ltr'>ΙΙ</span> <span class='ocrx_word' id='word_1_307' title='bbox 516 2217 584 2249; x_wconf 88' lang='grc'>689</span> <span class='ocrx_word' id='word_1_308' title='bbox 599 2225 652 2258; x_wconf 88' lang='lat' dir='ltr'>sq.</span> <span class='ocrx_word' id='word_1_309' title='bbox 679 2225 778 2250; x_wconf 74' lang='lat' dir='ltr'>unus</span> <span class='ocrx_word' id='word_1_310' title='bbox 807 2226 839 2250; x_wconf 82' lang='lat' dir='ltr'>v.</span> <span class='ocrx_word' id='word_1_311' title='bbox 866 2219 916 2251; x_wconf 82' lang='lat' dir='ltr'>est</span> <span class='ocrx_word' id='word_1_312' title='bbox 943 2216 949 2261; x_wconf 94' lang='grc' dir='ltr'>Ι</span> <span class='ocrx_word' id='word_1_313' title='bbox 976 2214 1111 2250; x_wconf 87' lang='lat' dir='ltr'>misere</span> <span class='ocrx_word' id='word_1_314' title='bbox 1137 2216 1205 2260; x_wconf 81' lang='lat' dir='ltr'>(vel</span> <span class='ocrx_word' id='word_1_315' title='bbox 1234 2213 1424 2260; x_wconf 87' lang='lat' dir='ltr'>miserere)</span> 
     </span>
     <span class='ocr_line' id='line_1_39' title="bbox 66 2258 1421 2309; baseline 0.002 -15"><span class='ocrx_word' id='word_1_316' title='bbox 66 2258 194 2295; x_wconf 82' lang='lat' dir='ltr'>miseri</span> <span class='ocrx_word' id='word_1_317' title='bbox 219 2261 288 2306; x_wconf 82' lang='lat' dir='ltr'>(vel</span> <span class='ocrx_word' id='word_1_318' title='bbox 310 2259 494 2306; x_wconf 86' lang='lat' dir='ltr'>misereri)</span> <span class='ocrx_word' id='word_1_319' title='bbox 514 2263 526 2307; x_wconf 92' lang='grc' dir='ltr'>ΙΙ</span> <span class='ocrx_word' id='word_1_320' title='bbox 546 2265 624 2297; x_wconf 87' lang='grc'><strong>691.</strong></span> <span class='ocrx_word' id='word_1_321' title='bbox 641 2264 719 2297; x_wconf 86' lang='lat'>693.</span> <span class='ocrx_word' id='word_1_322' title='bbox 747 2262 792 2306; x_wconf 81' lang='lat' dir='ltr'>cf.</span> <span class='ocrx_word' id='word_1_323' title='bbox 813 2263 863 2298; x_wconf 82' lang='lat' dir='ltr'>ad</span> <span class='ocrx_word' id='word_1_324' title='bbox 886 2275 918 2298; x_wconf 87' lang='lat' dir='ltr'>v.</span> <span class='ocrx_word' id='word_1_325' title='bbox 940 2265 986 2298; x_wconf 79' lang='lat'>14</span> <span class='ocrx_word' id='word_1_326' title='bbox 999 2274 1070 2309; x_wconf 80' lang='lat' dir='ltr'>sqq.</span> <span class='ocrx_word' id='word_1_327' title='bbox 1091 2263 1103 2308; x_wconf 94' lang='grc' dir='ltr'>ΙΙ</span> <span class='ocrx_word' id='word_1_328' title='bbox 1123 2265 1202 2297; x_wconf 84' lang='grc'><strong>691.</strong></span> <span class='ocrx_word' id='word_1_329' title='bbox 1228 2262 1286 2298; x_wconf 82' lang='lat' dir='ltr'>del</span> <span class='ocrx_word' id='word_1_330' title='bbox 1307 2261 1394 2308; x_wconf 76' lang='lat' dir='ltr'>Guy</span> <span class='ocrx_word' id='word_1_331' title='bbox 1417 2261 1421 2309; x_wconf 93' lang='grc' dir='ltr'>Ι</span> 
     </span>
     <span class='ocr_line' id='line_1_40' title="bbox 55 2307 1421 2355; baseline 0.001 -12"><span class='ocrx_word' id='word_1_332' title='bbox 55 2307 144 2343; x_wconf 64' lang='lat' dir='ltr'>&#39;add</span> <span class='ocrx_word' id='word_1_333' title='bbox 167 2307 237 2354; x_wconf 77' lang='lat' dir='ltr'>Sey</span> <span class='ocrx_word' id='word_1_334' title='bbox 259 2311 264 2353; x_wconf 92' lang='grc' dir='ltr'>Ι</span> <span class='ocrx_word' id='word_1_335' title='bbox 288 2309 344 2344; x_wconf 84' lang='lat' dir='ltr'>lac</span> <span class='ocrx_word' id='word_1_336' title='bbox 368 2309 451 2355; x_wconf 63' lang='grc' dir='ltr'>θέρη</span> <span class='ocrx_word' id='word_1_337' title='bbox 470 2309 579 2345; x_wconf 82' lang='lat' dir='ltr'>Sehoe</span> <span class='ocrx_word' id='word_1_338' title='bbox 599 2311 610 2355; x_wconf 91' lang='grc' dir='ltr'>ΙΙ</span> <span class='ocrx_word' id='word_1_339' title='bbox 630 2312 708 2344; x_wconf 81' lang='grc'>692.</span> <span class='ocrx_word' id='word_1_340' title='bbox 736 2320 808 2355; x_wconf 85' lang='lat' dir='ltr'>ago</span> <span class='ocrx_word' id='word_1_341' title='bbox 829 2309 945 2345; x_wconf 83' lang='lat' dir='ltr'>setius</span> <span class='ocrx_word' id='word_1_342' title='bbox 964 2312 1061 2346; x_wconf 82' lang='lat' dir='ltr'>solus</span> <span class='ocrx_word' id='word_1_343' title='bbox 1080 2311 1116 2345; x_wconf 92' lang='lat' dir='ltr'><strong><em>B</em></strong></span> <span class='ocrx_word' id='word_1_344' title='bbox 1135 2310 1241 2345; x_wconf 78' lang='lat' dir='ltr'>habet</span> <span class='ocrx_word' id='word_1_345' title='bbox 1259 2311 1270 2355; x_wconf 93' lang='grc' dir='ltr'>ΙΙ</span> <span class='ocrx_word' id='word_1_346' title='bbox 1291 2313 1358 2344; x_wconf 85' lang='grc'>693</span> <span class='ocrx_word' id='word_1_347' title='bbox 1368 2321 1421 2354; x_wconf 77' lang='lat' dir='ltr'>sq.</span> 
     </span>
     <span class='ocr_line' id='line_1_41' title="bbox 67 2355 1269 2404; baseline 0.003 -14"><span class='ocrx_word' id='word_1_348' title='bbox 67 2365 165 2390; x_wconf 74' lang='lat' dir='ltr'>unus</span> <span class='ocrx_word' id='word_1_349' title='bbox 189 2367 220 2391; x_wconf 85' lang='lat' dir='ltr'>v.</span> <span class='ocrx_word' id='word_1_350' title='bbox 248 2360 298 2391; x_wconf 82' lang='lat' dir='ltr'>est</span> <span class='ocrx_word' id='word_1_351' title='bbox 320 2357 325 2401; x_wconf 98' lang='grc' dir='ltr'>Ι</span> <span class='ocrx_word' id='word_1_352' title='bbox 346 2355 567 2402; x_wconf 85' lang='lat' dir='ltr'>inuestigies</span> <span class='ocrx_word' id='word_1_353' title='bbox 594 2356 813 2403; x_wconf 80' lang='lat' dir='ltr'>(inuestiges</span> <span class='ocrx_word' id='word_1_354' title='bbox 838 2357 875 2393; x_wconf 91' lang='lat' dir='ltr'><em>B</em></span> <span class='ocrx_word' id='word_1_355' title='bbox 900 2360 996 2404; x_wconf 82' lang='lat' dir='ltr'>ras):</span> <span class='ocrx_word' id='word_1_356' title='bbox 1023 2369 1104 2394; x_wconf 79' lang='lat' dir='ltr'>corr</span> <span class='ocrx_word' id='word_1_357' title='bbox 1130 2357 1238 2393; x_wconf 82' lang='lat' dir='ltr'>Schoe</span> <span class='ocrx_word' id='word_1_358' title='bbox 1257 2358 1269 2403; x_wconf 94' lang='grc' dir='ltr'>ΙΙ</span> 
     </span>
    </p>
   </div>
   <div class='ocr_carea' id='block_1_5' title="bbox 1411 2023 1416 2166">
    <p class='ocr_par' dir='ltr' id='par_1_5' title="bbox 1411 2023 1416 2166">
     <span class='ocr_line' id='line_1_42' title="bbox 1411 2023 1416 2166; baseline 0 382"><span class='ocrx_word' id='word_1_359' title='bbox 1411 2023 1416 2166; x_wconf 95' lang='lat' dir='ltr'> </span> 
     </span>
    </p>
   </div>
   <div class='ocr_carea' id='block_1_6' title="bbox 1419 2024 1427 2166">
    <p class='ocr_par' dir='ltr' id='par_1_6' title="bbox 1419 2024 1427 2166">
     <span class='ocr_line' id='line_1_43' title="bbox 1419 2024 1427 2166; baseline 0 0"><span class='ocrx_word' id='word_1_360' title='bbox 1419 2024 1427 2166; x_wconf 95' lang='lat' dir='ltr'> </span> 
     </span>
    </p>
   </div>
  </div>
 </body>
</html>
