1560 2548
0 0 82 119 {11
101 85 135 128 1,
153 79 282 120 4-29,
586 82 867 119 AVLVLARJA
1308 81 1390 123 121

166 189 436 247 Quamquam
466 190 583 233 haud
611 190 720 233 falsa
751 194 844 233 sum
874 205 954 233 nos
985 190 1154 233 odiosas
1184 190 1351 233 haberi:

87 271 89 273 ¹
162 249 278 294 Nam
307 249 494 292 multum
522 249 725 305 loquaces
755 249 910 292 merito
942 251 1090 292 omnes
1119 249 1330 292 habemur

164 309 258 352 Nec
287 311 453 352 mistam
483 309 680 364 profecsso
710 311 927 365 repertam
957 309 1090 351 ullam
1122 324 1212 351 esse
1239 325 1260 347 *
1325 319 1393 351 125

163 367 330 411 †Hodie
361 367 509 410 dicunt
539 368 762 410 mulierem
791 368 880 411 ullo
910 368 958 410 in
988 368 1167 411 saeculo.

164 427 328 470 Verum
357 427 458 482 1160,
488 428 638 482 frater,
669 431 803 469 unum
833 430 978 470 kamen
1008 427 1197 484 cogitato
1204 461 1216 483 ,

164 485 270 530 Tibi
295 487 551 542 proxumam
581 501 650 528 me
679 486 872 542 mihique
903 501 995 529 esse
1025 486 1131 528 item
1161 489 1215 528 te.

163 544 290 601 It<a>
319 547 545 602 aequomst
581 545 697 601 quod
733 545 779 587 1'11
808 561 899 588 rem
936 560 1028 588 esse
1059 545 1231 601 utrique
1262 545 1392 588 arbit-

612 619 757 647 remur

163 664 223 707 Et
252 663 360 707 mihi
390 667 434 706 te
459 666 504 706 01;
527 662 617 706 tibi
637 664 763 718 <me>
789 663 1008 706 consulere
1034 666 1078 706 01,
1102 665 1291 706 monere:
1326 675 1393 706 130

164 722 317 779 Neque
349 723 566 766 occultum
595 723 640 765 id
663 723 815 765 haberi
840 737 979 778 neque
1004 737 1083 778 per
1100 726 1264 765 metum
1282 737 1392 765 mus-

613 797 714 838 san,

163 841 278 892 Quin
300 841 557 898 parssicipem
581 841 744 896 pariter
769 856 849 897 ego
880 843 923 883 te
949 843 992 883 et
1016 844 1066 883 1-,11
1090 855 1158 883 1110
1183 844 1232 883 ui:
1249 841 1393 883 facias.

162 901 229 944 Eo
259 915 373 944 nunc
404 915 484 957 ego
516 903 678 943 secreto
710 903 752 942 te
783 900 868 942 huc
897 901 1012 942 foras
1043 900 1210 955 seduxi,

162 959 224 1003 Vt
253 962 373 1002 tuam
404 974 495 1002 rem
526 974 606 1016 ego
638 962 781 1001 tecum
810 959 880 1001 hic
905 959 1103 1015 loquerer
1126 959 1392 1002 familiarem.

161 1018 298 1063 MEG.
351 1018 420 1061 Da
448 1018 574 1075 mihi,
604 1021 783 1074 optuma
812 1018 988 1074 femina,
1018 1033 1203 1060 manum.
1325 1031 1390 1062 135

163 1077 297 1121 EVN.
351 1077 442 1120 Vbi
473 1081 582 1133 east,
620 1077 717 1132 quis
753 1080 843 1119 east
873 1092 974 1119 nam
1004 1078 1210 1132 optuma?
1258 1077 1391 1120 MEG.

317 1136 393 1179 Tu.
442 1136 575 1179 EVN.
606 1136 726 1178 Tune
746 1136 837 1178 ais?
868 1135 1002 1178 MEG.
1034 1136 1079 1179 Si
1098 1151 1249 1194 negas,
1266 1152 1391 1193 nego.

163 1195 299 1239 EVN.
347 1195 483 1238 Decet
513 1198 556 1238 te
588 1196 787 1251 equidem
811 1210 913 1237 uera
932 1195 1144 1251 proloqui.
1193 1211 1293 1238 nam
1318 1211 1392 1251 op—

613 1257 733 1296 tuma
762 1254 881 1296 nulla
911 1257 1056 1309 potest
1087 1255 1205 1311 eligi:
1323 1267 1390 1298 140

162 1313 263 1356 Alia
293 1313 378 1356 alia
407 1313 546 1369 peior,
583 1314 734 1370 firasser,
771 1316 847 1355 0311.
895 1313 1030 1356 MEG.
1067 1313 1184 1356 Idem
1216 1329 1296 1371 ego
1328 1329 1393 1356 ar-

612 1373 769 1427 bitror,
796 1387 876 1414 nec
906 1373 989 1415 tibi

163 1431 398 1475 Aduorsari
429 1434 635 1474 certumst
666 1431 717 1473 de
747 1431 855 1474 isizac
885 1446 931 1474 re
961 1447 1176 1488 umquam,
1208 1447 1337 1475 soror.

162 1491 296 1534 EVN.
353 1490 421 1533 Da
457 1491 564 1533 mihi
602 1505 794 1546 operam,
832 1491 998 1533 amabo.
1058 1490 1192 1534 MEG.
1240 1492 1391 1534 Tuast:

611 1553 731 1592 utere
762 1553 892 1605 atque
922 1550 1104 1606 impera,
1142 1551 1282 1606 siquid
1312 1551 1389 1594 uis.

163 1609 296 1653 EVN.
344 1608 395 1651 Id
425 1609 540 1665 quod
570 1609 616 1651 in
646 1624 737 1652 rem
767 1612 887 1651 tuam
912 1612 1139 1665 optumum
1165 1625 1254 1652 esse
1280 1610 1389 1653 arbi-

613 1671 717 1725 tror,
736 1670 779 1710 te
798 1668 842 1710 id
861 1669 1075 1711 monitum
1093 1669 1288 1712 aduento.
1323 1682 1390 1712 145

163 1726 298 1770 MEG.
348 1726 489 1784 Soror,
507 1723 626 1770 more
645 1730 720 1770 tuo
739 1727 856 1769 facis.
911 1727 1043 1770 EVN.
1074 1727 1206 1770 Facta
1230 1729 1341 1771 uolo.

163 1785 297 1829 MEG.
338 1785 449 1837 Quid
479 1787 544 1828 esi:
573 1786 634 1842 id,
665 1786 814 1828 soror?
856 1786 990 1829 EVN.
1030 1786 1152 1837 Quod
1175 1787 1263 1830 tibi
1285 1803 1393 1830 sem—

612 1845 830 1900 piternum

164 1904 358 1948 Salutate
389 1904 464 1946 sit:
494 1904 644 1946 liberis
675 1904 948 1959 procreandis
974 1930 1030 1935 -—

163 1963 296 2006 MEG.
345 1962 411 2006 Ita
442 1962 488 2005 ds
515 1963 654 2005 faxint
685 1989 741 1993 —
771 1963 903 2006 EVN.
943 1963 1055 2006 Volo
1086 1967 1129 2006 te
1160 1968 1338 2007 uxorem

163 2023 351 2066 Domum
384 2023 546 2064 ducere.
607 2021 740 2123 ᾈῖΕῬΘτ.
788 2022 859 2077 Ei,
891 2022 1036 2065 occidi.
1097 2023 1230 2066 EVN.
1281 2022 1394 2073 Quid

613 2096 627 2122 1
650 2096 674 2122 a
1325 2095 1393 2126 150

143 2189 221 2222 128.
248 2186 342 2222 item
366 2197 465 2221 esse:
491 2186 567 2221 trai
590 2185 688 2222 Bent
723 2187 734 2230 ΙῙ
772 2189 850 2222 129.
877 2186 945 2222 Vt:
971 2197 1053 2223 corr
1081 2188 1346 2223 Taubmawnus

48 2237 116 2269 131
131 2245 211 2279 sqq.
237 2234 283 2278 cf.
309 2234 359 2270 ad
377 2234 510 2279 Amph.
531 2236 604 2269 159
615 2244 687 2279 sqq.
707 2235 719 2279 fl
739 2237 817 2269 131.
845 2233 1031 2269 occuitum
1054 2235 1110 2270 vel
1132 2233 1361 2269 occultatum

49 2285 127 2317 146.
153 2291 255 2316 more
279 2282 333 2317 vel
357 2291 459 2316 moro
482 2283 488 2327 Ι
509 2279 612 2315 facta
628 2281 683 2316 vel
699 2280 800 2316 facto
818 2282 830 2326 ΙΙ
850 2284 929 2317 147.
956 2282 1126 2317 adhaeret
1146 2293 1177 2318 v.
1198 2284 1282 2327 146,
1306 2283 1392 2318 dein

48 2349 92 2354 —
118 2326 238 2363 faxint
261 2333 295 2364 et
322 2349 364 2354 —
390 2327 461 2363 itaz
490 2328 587 2364 discr
610 2327 669 2363 Bo
694 2332 727 2364 et
757 2328 945 2374 Weisiusll
