1560 2548
154 108 240 151 124
729 111 905 147 PLAVTI
1226 112 1261 148 11
1286 116 1319 159 2,
1345 116 1481 149 1o->-2o
1554 78 1560 127 ³²

149 216 282 259 MEG.
336 217 416 260 P61
447 218 525 260 sist
556 218 721 260 animus
752 220 909 274 aequos
940 219 1034 275 tibi,
1064 219 1208 276 sat[is]
1231 220 1378 277 habes,
1407 220 1481 276 qui

850 277 959 319 bene
989 277 1124 320 uitam
1154 278 1278 322 colas.

150 332 273 377 EVG.
328 323 450 376 Anus
479 334 621 376 hercle
652 335 751 377 huic
782 335 984 378 indicium
1020 337 1122 379 fecit
1152 337 1203 379 de
1233 340 1352 380 auro:
1388 352 1479 393 per-

851 394 997 449 spicue
1026 396 1219 450 palamst.

149 449 261 500 Quoi
295 465 375 507 ego
412 451 497 493 iam
532 451 723 508 linguam
760 453 1001 507 praecidam
1037 455 1165 509 atque
1202 455 1347 497 oculos
1383 455 1480 497 effo-

851 511 964 553 diam
994 511 1119 554 domi.

148 566 281 609 MEG.
337 567 447 618 Quid
489 571 538 610 tu
581 569 697 610 solus
735 570 878 611 tecum
912 570 1114 625 loquere?
1166 570 1291 613 EVO.
1340 571 1480 614 Meam

850 628 1099 683 pauperiem
1127 631 1374 685 conqueror.
1413 641 1479 673 190

148 683 372 740 Virginem
402 684 540 726 habeo
577 686 799 741 grandem,
836 686 933 728 dote
970 687 1130 729 cassam
1166 690 1295 743 atque
1325 688 1479 730 inloca-

850 745 1001 800 bilem,

147 800 298 855 Neque
317 815 410 843 eam
430 815 538 855 queo
557 802 696 844 locare
716 803 956 858 quoiquam.
1010 803 1142 846 MEG.
1173 803 1299 847 Tace:
1318 805 1479 847 bonum

848 862 960 904 habe
991 862 1192 918 animum,
1222 862 1391 906 Euclio:

149 917 352 959 Dabitur:
384 917 638 960 adiuuabere
670 934 694 960 a
724 934 809 962 me:
847 920 931 976 di'c,
963 920 1103 975 siquid
1134 923 1274 978 opust,
1302 921 1477 976 impera.

149 975 272 1018 EVG.
326 975 452 1018 Nunc
482 977 611 1032 petit,
643 992 772 1032 quom
801 978 1048 1033 pollicetur:
1084 979 1222 1021 inhiat
1252 993 1401 1022 aurum
1431 983 1480 1023 ut

849 1037 1036 1079 deuoret.

150 1081 297 1134 Altera
327 1097 454 1135 mami
484 1094 569 1135 fert
597 1094 795 1149 lapidem,
825 1096 981 1149 panem
1011 1098 1198 1138 ostentat
1227 1095 1371 1138 altera.
1415 1108 1479 1145 195

147 1151 321 1193 Nemini
352 1152 475 1194 credo
507 1152 580 1207 qui
610 1153 728 1209 large
760 1153 963 1196 blandust
993 1153 1112 1196 diues
1142 1155 1333 1209 pauperi.

148 1200 237 1266 Vbi
267 1225 440 1252 manum
464 1210 586 1252 injcst
611 1211 807 1267 benigne,
837 1211 901 1254 ibi
921 1214 1068 1254 onerat
1085 1212 1272 1267 aliquam
1289 1213 1478 1256 zamiam.

148 1268 243 1324 Ego
274 1268 381 1310 istos
410 1269 512 1311 noui
537 1270 722 1324 polypos
748 1270 820 1324 qui
850 1270 983 1326 u[i]bi
1014 1270 1214 1326 qui‘cquid
1244 1271 1480 1328 tetigerunt

847 1331 1007 1371 tenent.

147 1383 279 1427 MEG.
334 1385 400 1427 Da
430 1386 489 1427 mi
521 1400 694 1440 operam
725 1390 971 1443 parumper,
1008 1387 1042 1428 si
1074 1391 1286 1443 operaest,
1316 1388 1478 1444 Euclio,

848 1445 892 1486 id
923 1445 1036 1500 quod
1066 1447 1109 1486 te
1140 1446 1237 1487 uolo

146 1501 211 1543 De
243 1502 454 1544 communi
495 1517 539 1543 re
571 1502 787 1556 appellare
818 1517 912 1544 mea
942 1505 986 1545 et
1015 1505 1099 1544 tua.
1153 1503 1277 1547 EVC.
1319 1504 1373 1546 Ei
1403 1505 1477 1548 mi-

848 1563 941 1603 sero
973 1561 1089 1603 mihi.
1408 1575 1476 1606 200

146 1615 312 1659 Aurum
354 1618 413 1659 mi
453 1618 568 1660 intus
611 1618 947 1675 harpagatumst.
1001 1623 1114 1662 nunc
1149 1620 1219 1662 hic
1256 1635 1349 1663 eam
1388 1636 1477 1664 rem

846 1678 957 1734 uolt,
988 1679 1093 1733 scio,

146 1735 314 1776 Mecum
340 1735 454 1776 adire
479 1735 532 1775 ad
556 1735 815 1789 pactionem:
846 1738 996 1778 uerum
1019 1736 1269 1779 interuisam
1293 1737 1475 1780 domum.

145 1792 277 1835 MEG.
309 1792 400 1843 Qud
420 1793 542 1835 abis?
573 1793 697 1836 EVC.
718 1794 809 1836 Iam
821 1795 959 1851 (ego)
978 1795 1031 1836 ad
1049 1797 1092 1837 te
1110 1798 1318 1837 reuortar:
1335 1798 1477 1838 namst

847 1853 960 1908 quod
989 1853 1172 1895 inuisam
1203 1853 1383 1896 do‘mum.

144 1909 276 1951 MEG.
333 1908 465 1951 Credo
486 1909 648 1966 edepol,
668 1911 743 1952 ubi
763 1911 1021 1953 mentionem
1041 1926 1120 1968 ego
1139 1911 1277 1953 fecero
1297 1912 1347 1954 de
1371 1912 1475 1967 fflia,

144 1968 205 2009 Mi
235 1971 285 2010 ut
316 1968 594 2022 despondeat,
625 1983 713 2010 sese
745 1984 769 2010 a
798 1984 865 2011 me
897 1970 1077 2012 derideri
1107 1969 1282 2011 rebitur.
1406 1982 1473 2013 205

143 2026 294 2081 Neque
314 2026 388 2068 illo
409 2026 674 2081 quisquamst
693 2027 801 2069 alter
818 2028 944 2070 hodie
964 2042 1016 2070 ex
1028 2030 1280 2082 paupertate
1294 2028 1473 2083 parcior.

239 2144 317 2178 187.
342 2142 400 2177 del
424 2141 568 2177 Harius
589 2144 594 2186 Ι
616 2141 717 2177 colas
741 2144 796 2178 vel
820 2142 910 2177 colis
929 2144 941 2188 ΙΙ
961 2146 1038 2177 188.
1064 2141 1150 2177 huic
1173 2143 1228 2178 vel
1245 2142 1342 2177 hunc
1360 2145 1372 2187 ΙΙ
1393 2147 1471 2179 191.

144 2187 279 2223 Filiam
304 2188 339 2223 h.
365 2200 400 2233 g.
427 2199 531 2224 cassa
555 2188 642 2223 dote
668 2190 781 2232 atque
804 2188 996 2224 inlocabili
1026 2189 1143 2225 Varro
1166 2189 1179 2234 ΙΙ
1199 2191 1276 2224 198.
1302 2188 1383 2224 uibi
1406 2191 1474 2235 (vel

142 2234 236 2280 iubi)
260 2235 316 2271 vel
338 2234 434 2270 nibi:
460 2247 541 2272 corr
564 2235 782 2271 Hermolaus
803 2237 808 2280 Ι
835 2235 1040 2280 tetigerunt
1062 2236 1118 2271 vel
1146 2234 1340 2280 tetigerint
1356 2237 1369 2282 u
1394 2240 1472 2274 199.

144 2280 176 2315 si
195 2283 368 2326 operaest
385 2282 503 2317 euclio
521 2282 561 2316 id
579 2282 739 2318 Nonius:
765 2282 892 2327 paucis
912 2281 1030 2318 euclio
1050 2283 1106 2317 est
1124 2283 1136 2327 ΙΙ
1155 2285 1232 2318 203.
1258 2283 1332 2319 add
1350 2283 1439 2319 Mue
1466 2283 1471 2331 Ι

142 2328 244 2371 quod
268 2328 404 2364 uisam:
429 2340 511 2365 corr
535 2329 587 2365 Ra·
605 2330 617 2373 ΙΙ
