1560 2548
168 113 227 156 54
753 116 931 153 PLAVTI
1277 121 1296 158 1
1319 98 1535 168 ³3*?ff3-'÷ae.

166 210 256 254 PH.
300 211 413 253 Male
450 211 615 254 †ualere
653 215 695 254 te
735 213 849 268 qu6d
886 214 993 256 mihi
1031 218 1208 273 aegrest.
1267 217 1349 262 PH
1400 214 1560 263 Malos*

878 273 938 315 mi
969 274 1236 332 morigeru's:
1266 279 1370 321 tace.

166 328 254 371 PA.
295 320 418 385 ipsus
449 344 493 371 se
519 330 734 373 excruciat
760 331 833 387 qui
858 331 987 375 homo
1015 334 1130 389 quod
1154 337 1269 378 amat
1292 335 1416 380 uidet
1434 352 1513 381 nec
1559 347 1560 364 ³

883 392 1062 448 potitur,
1094 393 1194 436 dtim
1224 395 1335 438 licet.
1444 408 1513 441 170

164 447 255 490 PH.
281 447 412 490 Recte
439 448 656 505 obiurgat:
682 450 782 491 sane
807 449 922 492 haud
947 451 1216 507 quicquamst
1240 454 1377 512 magis
1397 456 1512 512 quod

875 510 1044 565 cupiam
1074 512 1162 554 tam
1194 512 1277 555 diu.

164 565 247 607 PL.
280 566 393 608 Tene
413 581 492 622 me,
512 566 765 622 amplectere
786 569 898 624 ergo.
948 568 1038 611 PH.
1069 570 1163 613 Hoc
1187 572 1358 616 etiamst
1382 588 1511 629 quam
1551 598 1553 601 .

874 627 929 669 6b
961 643 1051 670 rem
1082 630 1251 686 cupiam
1280 631 1445 675 uiuere:

165 683 274 734 Quia
293 686 335 726 te
359 683 562 739 prohibet
586 685 717 741 †erus,
744 685 852 728 clam
878 701 949 729 ero
974 688 1128 743 potior.
1153 689 1252 732 PL.
1271 690 1509 734 Pr6hibet‘?

873 760 950 787 nec
981 746 1207 801 prohibere
1239 749 1334 805 quit

164 800 255 845 Nee
286 802 546 858 prohibebit,
577 803 660 845 nisi
693 818 807 845 mors
838 819 980 847 meum
1011 806 1201 850 animum
1232 809 1307 864 aps
1338 811 1381 851 te
1412 809 1508 852 aba-

871 864 1106 907 lienauerit.

162 918 249 961 PA.
293 919 423 962 Enim
460 935 563 963 uero
594 922 759 977 nequeo
798 922 948 965 durare
986 924 1091 979 quin
1122 939 1201 982 ego
1239 941 1359 969 erum
1390 941 1508 969 accu-

870 996 959 1024 sem
990 998 1142 1026 meum.
1439 997 1505 1030 175

160 1036 273 1080 Nam
305 1038 508 1080 bonumst
543 1039 784 1094 pauxillum
816 1055 955 1083 amare
993 1042 1108 1098 sane,
1141 1043 1286 1086 insane
1316 1045 1404 1086 n6n
1434 1045 1507 1088 bo-

869 1103 1032 1143 numst:
1474 1150 1476 1152 ,

159 1154 323 1197 Verum
348 1158 488 1198 totum
514 1157 710 1199 insanum
736 1173 876 1200 amare
907 1159 1006 1202 ffioo
1037 1163 1102 1202 est
1127 1161 1241 1216 quod
1265 1176 1384 1204 meus
1410 1163 1506 1205 erus

867 1218 981 1260 facit.

159 1273 249 1316 PH.
286 1273 381 1316 Sibi
406 1290 482 1316 sua
506 1275 692 1317 habeant
717 1277 848 1333 regna
872 1292 1004 1334 reges,
1029 1277 1115 1320 sibi
1142 1278 1314 1322 diuitias
1340 1279 1506 1337 diuites,

161 1332 255 1375 Sibi
287 1333 481 1390 honores,
513 1334 600 1376 sibi
627 1335 821 1391 uirtutes,
852 1336 937 1378 sibi
968 1352 1144 1393 pugnas,
1176 1337 1259 1380 sibi
1288 1339 1468 1394 proelia:
1558 1355 1560 1358 ⁴

158 1391 274 1434 Dum
293 1393 353 1434 mi
379 1393 620 1435 abstineant
644 1394 847 1450 inuidere,
867 1395 950 1437 sibi
978 1396 1156 1451 quisque
1180 1396 1366 1439 habeant
1391 1399 1506 1454 qu6d

868 1457 1042 1496 suomst.
1438 1468 1504 1500 180

157 1509 244 1551 PA.
261 1509 373 1560 Quid
391 1511 469 1552 tu?
482 1510 670 1553 Venerin
687 1513 944 1568 peruigilare
964 1514 1006 1555 te
1025 1514 1197 1570 uouisti,
1210 1513 1504 1559 Phaedrome?

157 1568 271 1611 Nam
296 1569 377 1611 hoc
404 1570 575 1625 quidem
601 1570 750 1625 edepol
775 1571 889 1613 haiid
913 1572 1049 1614 multo
1079 1575 1178 1627 post
1208 1573 1301 1616 hice
1331 1574 1502 1617 lucebit.

866 1630 955 1672 PH.
1000 1631 1119 1673 Tace.

156 1685 243 1728 PA.
271 1686 394 1742 Quid,
419 1688 611 1730 taceam?
638 1688 742 1743 quin
766 1691 813 1731 tu
838 1689 875 1731 is
902 1690 1162 1733 dormitum?
1192 1690 1282 1734 PH.
1308 1691 1504 1735 Dormio:

866 1764 919 1791 ne
951 1749 1204 1792 occlamites.

160 1803 247 1846 PA.
280 1804 519 1860 Tuquidem
544 1807 711 1863 uigilas.
754 1807 844 1849 PH.
870 1807 931 1849 At
956 1823 1050 1850 meo
1076 1823 1193 1851 more
1220 1809 1401 1851 dormio:
1432 1810 1502 1852 hic

866 1870 1059 1909 somnust
1089 1867 1206 1910 mihi.
1435 1879 1503 1911 184

155 1921 242 1965 PA.
262 1922 380 1964 Helis
394 1926 453 1979 tn,
467 1924 637 1966 mulier:
657 1925 766 1967 male
786 1927 938 1968 mereri
959 1926 1009 1968 de
1028 1926 1261 1968 inmerente
1281 1927 1501 1970 inscitiast.
1549 1944 1550 1947 ¹

156 1981 239 2023 PL.
267 1972 463 2037 irascere,
482 1982 523 2023 si
538 1986 580 2024 te
601 1983 794 2026 edentem
812 1985 883 2026 hic
902 1985 927 2026 a
946 1985 1041 2027 cibo
1062 1985 1217 2041 abigat.
1248 1984 1335 2027 PA.
1361 1975 1501 2028 ilicet:

159 2040 327 2082 Pariter
356 2040 435 2083 hos
466 2041 604 2095 perire
636 2043 815 2085 amando
847 2043 990 2085 uideo:
1021 2047 1199 2099 uterque
1230 2044 1458 2087 insaniunt.
1505 2068 1507 2070 -
1540 2044 1543 2049 ²

155 2099 296 2141 Viden
326 2102 375 2141 ut
405 2100 556 2142 misere
588 2102 853 2145 moliuntur?
883 2104 1100 2157 nequeunt
1130 2103 1359 2157 complecti
1386 2104 1499 2146 satis.

157 2203 437 2250 aequiperabile
455 2206 468 2249 Η
489 2207 565 2239 169.
592 2204 813 2250 morigerus:
839 2218 920 2242 corr
940 2207 1056 2242 Lamb
1074 2208 1086 2252 Η
1106 2209 1183 2241 171.
1211 2208 1278 2241 aut
1295 2208 1349 2243 vel
1367 2207 1470 2243 haud
1487 2207 1501 2255 Η

159 2255 237 2287 173.
265 2252 338 2287 dist
356 2251 535 2298 Anyelius
556 2251 560 2298 Ι
583 2251 665 2295 quit
683 2254 738 2288 vel
756 2253 847 2297 quid
866 2255 877 2299 Η
897 2257 975 2289 178.
1002 2253 1076 2288 Sua
1096 2252 1168 2287 sibi
1187 2258 1220 2289 et
1239 2265 1324 2289 suas
1345 2253 1499 2290 diuitias

155 2299 377 2334 Lactantius
407 2300 419 2344 u
452 2301 528 2333 181.
560 2298 700 2334 uouisti
732 2302 786 2336 vel
816 2300 957 2336 nouisti
987 2302 998 2345 Η
1031 2303 1108 2335 185.
1140 2299 1258 2335 inscia
1284 2303 1342 2336 est
1365 2302 1420 2338 vel
1443 2301 1498 2337 in-

154 2345 270 2380 scicia
297 2348 354 2381 est
372 2348 384 2391 11
404 2348 481 2382 186,
509 2345 578 2381 PL.
601 2346 766 2389 ,Irascere
792 2349 845 2384 vel
869 2347 1030 2383 Irascere
1049 2348 1061 2392 11
