1560 2548
589 64 654 102 m:
679 64 871 101 PLAVTO
1284 63 1404 100 XXXI

54 173 197 229 putat,
224 171 300 216 sed
329 171 469 216 ration
527 173 689 216 dictum
720 176 837 216 certa
867 177 911 216 et
942 174 1081 229 proba
1105 173 1404 227 contendebat,

30 228 143 288 'qun
182 233 228 274 et
270 230 419 274 Graeci
467 187 530 280 ὦ)
572 234 796 275 uterentur
844 236 888 275 et
936 233 1116 275 Plautus
1171 232 1404 274 uerborum

25 345 28 346 ⁷
54 289 308 334 Latinorum
326 288 671 348 elegantissimus
690 291 735 334 111
746 290 1066 347 Amphitruone
1086 291 1222 334 dixit‘
1224 306 1404 333 numero

54 349 116 407 mi
145 349 190 392 in
221 352 411 393 mentem
440 349 552 394 fuit'.

173 413 354 458 LXXIII
384 413 589 458 GELLIVS
621 416 676 458 N.
707 416 761 458 A.
793 416 916 458 XIX
944 420 982 468 8,
1016 420 1063 459 6·
1103 415 1403 489 1η111110115111111’

55 477 213 531 tamen,
231 473 359 516 sicuti
379 473 678 517 ‘inscientiam'
693 477 737 516 et
757 475 1087 531 ‘impotentiam’
1103 475 1171 517 et
1176 474 1391 517 injuriam'
1393 507 1404 529 ,

57 546 167 589 quae
196 533 307 576 ratio
338 535 405 576 est
428 548 557 589 quam
582 534 638 576 ob
665 549 756 576 rem
782 534 824 576 O
852 533 1005 577 Caesar
1030 534 1100 577 uel
1125 534 1283 576 dictam
1314 548 1404 575 esse

0 603 17 648 ς
56 607 85 660 ⁸.
100 592 322 636 ueteribus
339 591 412 635 uel
435 593 655 635 dicendam
681 609 706 635 a
728 594 856 636 nobis
875 597 1014 651 putat,
1039 594 1208 649 quando
1227 593 1405 635 Plautus

181 666 231 694 ae
253 651 432 694 Latinae
457 652 586 695 decus
610 653 835 695 deliciam’
868 668 1039 709 quoque
1070 652 1224 703 ἑνικῶς
1249 652 1406 694 dixerit

55 725 135 767 pro
167 710 390 754 ε(10110113’1>

0 826 7 834 .-
174 774 354 819 LXXIV
377 775 626 819 DIOMEDES
646 781 723 819 art.
739 791 800 831 qr.
821 777 1020 831 111382,
1033 779 1087 820 15
1099 775 1178 820 Κ..·
1210 779 1406 819 auctores

0 834 9 897 ξ
57 835 218 891 quibus
247 835 516 890 eloquentiae
548 838 592 878 et
617 835 855 892 elegantiae
880 836 1047 879 tributa
1073 840 1137 879 est
1162 836 1332 892 opinio.
1349 869 1403 878 ...

0 898 7 954 ξ
25 915 28 917 ·
57 897 108 938 ut
137 894 350 937 Pacuuius
369 929 378 936 .
399 929 407 936 .
429 929 437 937 .
458 929 466 936 .
486 895 592 936 item
622 894 801 937 Plautus
823 929 830 937 .
852 930 860 937 .
881 930 889 938 .
911 930 919 937 .

0 1007 7 1029 ἓ

0 1034 10 1057 Β

0 982 6 1002 ι
174 964 332 1008 LXXV
369 964 680 1008 Hmnomvs
722 967 779 1009 ad
817 966 1137 1010 Pammachium
1174 966 1320 1009 LVII
1351 970 1405 1009 10

0 1058 7 1079 s
58 1029 83 1068 t.
114 1024 148 1068 I
169 1039 215 1079 p.
245 1026 328 1067 315
359 1025 489 1067 Vall..·
532 1025 637 1067 haec
680 1028 745 1068 est
786 1025 987 1068 Plautina
1030 1026 1292 1081 eloquentia,
1335 1025 1404 1067 1110

0 1095 4 1106 ’
57 1085 181 1140 lepos
203 1082 379 1126 Atticus
403 1087 446 1125 et
470 1084 690 1126 Musarum
716 1087 765 1127 ut
790 1085 936 1127 dicunt
962 1085 1132 1140 eloquio
1159 1100 1402 1140 comparan-

0 1165 1 1169 =
58 1143 148 1186 dus.
212 1142 275 1197 (ΞΥ.
305 1141 495 1185 LXVIII.

176 1206 356 1250 LXXVI
403 1206 715 1250 HIERONYMVS
759 1210 817 1251 ad
863 1208 1072 1251 Summam
1120 1213 1159 1252 et
1198 1209 1407 1252 Fretelam

62 1266 173 1310 CVI
189 1263 222 1309 3'
248 1271 274 1309 t.
294 1267 328 1309 Ι
336 1281 382 1320 p.
403 1269 489 1309 643
514 1267 642 1309 Vall..·
672 1267 783 1309 hanc
808 1282 899 1309 esse
925 1268 1117 1325 regulam
1143 1268 1247 1310 boni
1278 1268 1405 1310 inter-

59 1325 262 1382 pretisvut
286 1325 446 1368 idioma
468 1325 642 1383 linguae
668 1326 844 1368 alterius
869 1342 968 1369 suae
993 1327 1167 1384 linguae
1192 1327 1407 1382 exprimat

58 1384 411 1441 proprietatibus.
467 1385 582 1440 quod
612 1388 656 1428 et
686 1386 903 1428 Tullium.
926 1420 933 1428 .
954 1420 962 1428 .
985 1420 992 1428 .
1012 1386 1162 1428 fecisse
1194 1387 1406 1429 conuinci-

58 1459 155 1487 mus
190 1447 234 1486 et
270 1443 489 1499 Plautum,
532 1444 781 1486 Terentium
819 1444 1135 1501 Caeciliumque
1174 1446 1406 1488 eruditissi-

57 1518 154 1546 mos
182 1503 299 1546 uiros
329 1503 375 1545 in
406 1503 570 1560 graecis
602 1504 832 1546 comoediis
863 1505 1180 1547 transferendis.

175 1573 375 1616 LXXVII
414 1573 724 1617 HIERONYMVS
766 1576 824 1618 ad
858 1575 1178 1618 Pammachium
1214 1577 1358 1619 LVII
1382 1578 1408 1619 5

0 1639 2 1672 ὲ
59 1636 84 1675 t.
110 1633 145 1675 I
158 1647 204 1687 p.
235 1636 320 1676 309
352 1633 478 1676 Vall.:
528 1633 752 1676 Terentius
799 1634 1098 1690 Menandrum,
1141 1635 1321 1677 Plautus
1365 1638 1408 1678 et

0 1705 2 1721 1
54 1690 269 1734 'Caecilius
298 1695 465 1734 ueteres
497 1693 681 1735 comicos
712 1693 986 1749 interpretati
1019 1697 1118 1736 sunt
1151 1695 1218 1750 [cf.
1245 1694 1342 1736 LIX
1373 1699 1411 1737 et

58 1750 314 1807 LXXVIII]:
343 1752 554 1807 numquid
578 1752 755 1795 haerent
779 1753 824 1794 in
852 1753 997 1795 uerbis
1023 1768 1070 1795 ac
1094 1768 1182 1796 non
1214 1754 1407 1796 decorem

0 1810 2 1818 ’
58 1810 197 1868 magis
235 1813 280 1852 et
310 1810 569 1867 elegantiam
607 1811 653 1853 in
682 1812 962 1854 translatione
994 1816 1249 1854 conseruant
1281 1828 1408 1869 quam

59 1869 287 1912 ueritatem
317 1869 722 1926 interpretationis?

175 1934 395 1977 LXXVIH
436 1934 655 1977 Ismossvs
700 1935 809 1990 Oriq.
850 1936 974 1979 VIII
1005 1940 1042 1988 7,
1076 1940 1125 1979 7:
1175 1937 1258 1979 duo
1308 1940 1408 1979 sunt

59 1995 203 2036 autem
251 2009 409 2060 genera
457 1994 735 2050 comicorum,
764 1995 828 2041 1(1
871 1998 936 2037 est
985 1998 1152 2038 ueteres
1197 1999 1240 2038 et
1288 1996 1408 2038 noui:

59 2055 226 2095 ueteres
257 2053 330 2107 qui
362 2055 404 2095 et
436 2053 529 2095 ioco
561 2053 808 2096 ridiculares
840 2055 1111 2109 exstiterunt,
1143 2058 1192 2096 ut
1217 2055 1409 2109 Plautus,

0 2143 2 2154 ,
58 2110 226 2168 Αο01113,
257 2108 499 2155 Terentius.
530 2113 633 2155 noui
666 2113 739 2168 qui
771 2116 814 2155 et
845 2114 1020 2169 satyrici
1053 2129 1082 2157 e.
1108 2129 1143 2168 q.
1170 2128 1200 2156 8.

175 2181 352 2225 LXXIX
389 2182 609 2225 ISIDORVS
653 2183 763 2239 Oriy.
796 2184 831 2227 I
852 2188 924 2237 40,
956 2189 1005 2227 3.
1046 2185 1215 2226 fabulas
1256 2188 1410 2239 poetae

59 2241 264 2296 quasdam
294 2241 531 2284 delectandi
574 2257 700 2285 causa
735 2244 970 2298 finxerunt,
1009 2244 1213 2298 quasdam
1250 2244 1303 2286 ad
1339 2260 1409 2286 na-

58 2302 200 2343 turam
218 2315 374 2357 rerum,
398 2301 628 2344 nonnullas
654 2302 706 2344 ad
726 2318 865 2345 mores
884 2303 1109 2345 hominum
1135 2303 1409 2358 interpretati
