1560 2548
185 88 218 123 X
721 87 993 124 PRAEFATIO

183 184 271 226 eius
286 184 634 226 Emendationnm
653 183 781 226 Mero.
802 183 874 225 Pl.
898 183 1151 237 spicileyium
1175 184 1233 226 ed.
1257 197 1296 226 a.
1315 187 1437 228 1883.
1461 209 1518 215 —

141 275 144 278 >
184 242 286 297 Ary.
305 241 327 284 I
348 243 385 284 1.
417 242 573 284 Missnis
591 244 825 283 mercatum
844 241 1101 297 (Rhodum)
1122 241 1175 283 ab
1194 256 1270 284 suo
1285 241 1518 286 Schoellms.

185 326 241 331 —
275 302 341 343 17.
365 300 478 342 Dare
503 303 645 342 mefim
665 298 744 357 (vel
768 300 912 342 Meum
938 298 1056 358 dare)
1087 303 1263 342 conat-us
1287 315 1383 343 sum
1403 300 1520 357 [u]6s

183 374 361 414 sumque
386 359 577 414 inde[e]x
595 358 839 401 ssicoidem.
865 384 920 388 —
947 359 1014 401 25.
1045 359 1170 415 furga
1192 360 1240 401 in
1257 359 1303 401 B
1318 372 1402 402 esse
1418 363 1520 403 reete

182 418 429 460 Ritsohelius
447 419 720 460 adnotaverat.
743 442 796 446 —
818 418 884 459 29.
914 416 975 471 Cf.
997 419 1099 471 fasc.
1119 417 1208 460 III
1209 431 1254 471 p.
1265 418 1300 460 I
1301 417 1403 472 Vsq.
1423 419 1517 462 aaa.

184 502 239 506 —
273 477 340 518 31.
364 475 491 531 [hoo]
517 476 562 517 id
586 490 634 518 eo
659 476 710 517 fit
729 475 930 518 Marxins
949 476 1042 518 Ind.
1068 476 1149 519 leot.
1174 475 1328 531 Gryph.
1347 491 1386 519 a.
1405 480 1520 520 1892

175 549 219 589 p.
246 535 328 577 IX.
355 559 410 564 -—
437 535 504 577 34.
537 534 623 576 Pro
641 535 775 577 Leone
794 533 928 591 (Mus.
947 534 1077 576 Rhen.
1097 534 1367 577 XXXVIII
1384 549 1426 589 p.
1445 534 1518 593 16)

191 593 404 647 Vssinyius
433 594 710 635 nominandus
736 594 830 647 fnit,
861 596 956 635 ante
983 593 1103 636 2·le
1125 597 1226 636 recte
1255 594 1518 648 distinyuens.

183 677 239 681 ——
276 652 345 694 41.
377 653 516 693 meust
540 651 592 693 B.
624 677 680 681 —
710 650 779 693 45.
818 666 986 706 quoque
1021 654 1070 693 ut
1102 651 1162 693 B:
1210 654 1260 693 ut
1295 656 1520 706 praemone

186 709 425 752 Camerario
459 710 678 752 sollicitare
706 724 788 752 non
827 711 922 752 ansi
950 724 1102 752 snmus.
1134 735 1190 740 —
1221 709 1289 752 52.
1326 713 1520 753 tenerent

183 767 229 825 (i.
255 783 285 811 e.
313 767 607 826 ‘abstinerenffl
646 772 800 811 tutatur
837 767 1058 823 Seyffertas
1094 769 1178 811 coll.
1219 768 1334 812 Oua-o.
1363 784 1400 812 v.
1423 773 1518 812 180.

182 851 238 857 ——
270 826 338 869 55.
369 826 435 869 De
466 827 594 869 domu
624 828 773 882 eoyitat
802 828 910 869 idem
940 827 1024 869 coll.
1055 827 1154 869 Mil.
1183 826 1248 870 Gt.
1273 842 1308 870 v.
1327 831 1422 871 126.
1460 853 1516 858 —-—

182 887 251 928 65.
281 885 458 928 Rustico
484 900 527 927 se
558 887 682 928 etiam
710 885 797 928 OD.
829 911 884 915 —
918 887 941 928 7
947 887 972 928 6
986 900 1047 940 sq.
1079 888 1206 940 atque
1231 886 1336 928 eisse
1365 887 1517 928 mercis

182 944 406 998 Seyffertus
418 958 508 986 oum
518 945 859 986 Forchhaanmero
872 945 986 998 apud
1001 944 1247 998 Vssinyiam.
1261 969 1317 975 -
1331 945 1399 988 81.
1419 944 1516 988 odio

182 1017 270 1044 esse
292 1003 473 1058 [m]e<i>
488 1003 589 1057 quoi
602 1002 842 1045 Ribbeckius
852 1017 897 1056 p.
910 1005 981 1046 24.
996 1027 1051 1032 —
1072 1003 1139 1044 88.
1152 1002 1381 1045 Patranauj
1392 1003 1446 1046 Β.
1460 1029 1511 1034 -

182 1063 249 1104 90.
285 1061 345 1116 Cf.
371 1061 587 1103 Abraham
617 1061 730 1104 Stud.
757 1061 824 1103 Pl.
848 1075 891 1115 p.
910 1064 1010 1104 226.
1042 1086 1098 1091 —-
1131 1062 1226 1104 130.
1252 1064 1364 1103 assto
1383 1060 1439 1104 D.
1460 1087 1515 1091 —

184 1121 278 1162 131.
310 1120 383 1162 Ad
410 1121 706 1162 distinctionem
736 1121 785 1174 of.
810 1134 845 1162 v.
871 1122 966 1163 128.
999 1144 1055 1149 -
1088 1120 1184 1163 138.
1214 1120 1387 1162 ramites
1415 1124 1517 1163 recte

181 1179 302 1220 tutati
330 1182 427 1220 sunt
459 1178 611 1221 Caesar
635 1178 934 1231 Rebliniusque.
967 1203 1022 1208 —
1056 1177 1150 1221 156.
1181 1177 1250 1220 Ha
1266 1178 1319 1221 Β.
1355 1177 1451 1220 Aah
1473 1178 1515 1221 Ο.

179 1236 251 1278 Ah
275 1237 331 1279 D.
363 1262 419 1266 —
461 1237 557 1279 174.
600 1235 858 1278 ornamenta
886 1236 940 1278 Β.
983 1261 1039 1266 -
1085 1235 1180 1278 195.
1223 1252 1248 1278 a
1288 1237 1375 1284 tuis
1417 1235 1515 1293 (pro

180 1296 317 1337 saeuis
341 1295 402 1337 vel
427 1294 669 1351 subt'atuis)
696 1295 900 1338 Vahlenns
924 1295 1066 1337 Herm.
1086 1299 1110 1337 t.
1131 1294 1282 1337 XVII
1295 1309 1340 1349 p.
1359 1297 1453 1337 597.
1491 1311 1515 1336 a

179 1355 311 1395 tantis
324 1354 565 1396 Ribbeokius
575 1368 620 1406 p.
630 1355 698 1396 25.
713 1379 768 1383 ——
789 1354 885 1395 201.
905 1352 1133 1395 occucurri
1145 1353 1190 1395 Β
1205 1357 1298 1396 teste
1309 1353 1514 1396 Hinokio:

180 1411 411 1455 Oceucouri
436 1416 529 1454 teste
553 1412 839 1454 Studemnndo.
859 1437 914 1441 —
943 1413 1039 1454 218.
1069 1411 1130 1464 Of.
1157 1411 1362 1454 Vahlemaes
1387 1411 1412 1453 l.
1431 1425 1463 1454 s.
1481 1426 1513 1454 s.

171 1486 216 1525 p.
237 1473 320 1513 596
345 1475 383 1513 et
398 1471 614 1512 Abraham
639 1470 663 1511 l.
688 1484 719 1512 s.
744 1484 775 1512 s.
798 1484 844 1523 p.
863 1473 963 1513 227.
989 1494 1045 1499 —
1071 1469 1167 1511 225.
1192 1469 1378 1512 Alternis
1401 1474 1514 1512 actas

178 1530 424 1584 siqnifieatio
467 1542 564 1570 casu
606 1529 814 1570 intercidit
853 1529 899 1569 in
941 1529 1113 1570 editione
1153 1529 1319 1571 maiore.
1351 1552 1407 1560 —
1443 1529 1517 1571 Ad

179 1603 212 1629 v.
240 1589 323 1630 239
345 1603 354 1628 :
376 1586 459 1628 259
486 1588 534 1640 of.
555 1586 776 1629 Sohoellias
797 1587 865 1628 ‘N.
884 1586 1066 1628 Heidelb.
1085 1585 1247 1629 Jahrb?
1271 1590 1295 1628 t.
1316 1586 1377 1629 II
1390 1601 1436 1641 p.
1455 1591 1513 1629 44

178 1645 294 1702 (item
335 1647 393 1688 ad
425 1660 461 1687 v.
487 1646 572 1688 312
593 1661 602 1686 :
623 1646 705 1687 331
751 1649 789 1687 et
828 1645 913 1687 319
934 1660 943 1686 :
964 1646 1046 1688 337
1063 1643 1156 1701 sq.).
1194 1669 1250 1675 -
1287 1645 1384 1688 260.
1415 1660 1513 1687 exu-

178 1705 264 1746 mia
293 1702 366 1746 Dl.
417 1703 572 1745 eximia
601 1702 674 1745 D2.
713 1728 768 1732 —
807 1704 903 1746 282.
944 1703 1163 1758 <a>dicere
1194 1702 1423 1746 Sohoellius.
1455 1729 1511 1734 —

178 1764 275 1806 313.
308 1777 373 1804 em
396 1767 564 1816 propter
593 1775 828 1804 mensuram
853 1761 947 1803 ’illio
978 1764 1041 1803 est
1070 1762 1143 1803 sab
1172 1763 1296 1816 finem
1324 1777 1360 1804 v.
1390 1763 1511 1804 inau-

177 1823 308 1864 ditam
331 1825 448 1862 notat
470 1820 712 1875 Seyffertus:
735 1835 804 1862 em
828 1819 920 1861 illic
945 1834 1035 1862 eam
1060 1821 1169 1862 erasi
1184 1820 1326 1874 potius
1349 1821 1510 1862 metien-

177 1882 275 1922 dam
304 1893 386 1922 esse
416 1883 553 1921 censet.
569 1904 623 1908 ——
639 1879 734 1921 330.
759 1878 975 1920 hominem
999 1878 1072 1920 del.
1091 1878 1313 1933 Bentleius,
1337 1879 1385 1920 de
1402 1878 1510 1920 mihi

175 1939 223 1980 in
248 1939 485 1992 proximam
515 1953 550 1979 v.
573 1941 671 1991 post
691 1937 805 1992 poti‘s
835 1937 927 1991 sim,
957 1937 1156 1979 reiciendo
1186 1937 1335 1991 coyitat
1355 1934 1511 1979 Schoel-

177 1997 268 2039 lias.
301 2021 357 2026 ——
389 1996 485 2038 347.
519 1995 633 2037 Scio:
670 1997 814 2037 tantus
845 2010 941 2036 oum
971 1998 1072 2037 mira
1101 1995 1236 2036 me6st
1266 2009 1299 2036 e.
1331 2008 1366 2036 a..
1396 1996 1510 2037 meti-

177 2060 244 2098 twr
275 2054 507 2109 Seyffertas.
568 2054 634 2096 De
665 2055 919 2096 distinetione
948 2055 997 2107 of.
1028 2053 1269 2095 Ribbeekins
1290 2066 1335 2106 p.
1354 2056 1423 2095 29.
1454 2079 1508 2083 -

177 2115 274 2156 372.
306 2113 410 2155 Post
430 2112 568 2168 Magis
594 2113 745 2167 opinor
770 2113 991 2154 orationem
1021 2111 1264 2164 interrumpi
1286 2111 1374 2153 vult
1395 2110 1510 2166 Seyffe-

172 2174 302 2227 fertns
333 2170 517 2228 (propter
541 2170 679 2226 Magis
704 2172 909 2224 conferens
931 2171 1055 2224 Epid.
1077 2171 1170 2211 453.
1218 2169 1367 2211 Bacch.
1386 2169 1486 2227 130)
1494 2184 1508 2212 :

174 2231 246 2272 abi
288 2234 423 2272 tamen
458 2234 624 2283 propter
666 2228 716 2270 Id
759 2232 821 2270 est
863 2230 971 2282 qaod
1008 2228 1187 2281 seqnitur
1234 2229 1357 2270 etiam
1400 2242 1510 2270 nano

175 2288 397 2355 Sehoelliuff
419 2288 576 2343 Maoeo,
602 2288 752 2342 opinor
768 2289 962 2341 praefert.
1009 2285 1190 2328 Ceteram
1214 2287 1263 2339 ef.
1288 2285 1509 2340 Seyffertus
